<?xml version="1.0" encoding="UTF-8"?>
<!DOCTYPE html PUBLIC "-//W3C//DTD XHTML 1.0 Transitional//EN"
    "http://www.w3.org/TR/xhtml1/DTD/xhtml1-transitional.dtd">
<html xmlns="http://www.w3.org/1999/xhtml" xml:lang="en" lang="en">
 <head>
  <title>
</title>
<meta http-equiv="Content-Type" content="text/html;charset=utf-8" />
  <meta name='ocr-system' content='tesseract 3.04.00' />
  <meta name='ocr-capabilities' content='ocr_page ocr_carea ocr_par ocr_line ocrx_word'/>
</head>
<body>
  <div class='ocr_page' id='page_1' title='image "./leslivresdesmira03greguoft_0420.png"; bbox 0 0 2054 3450; ppageno 0'>
   <div class='ocr_carea' id='block_1_1' title="bbox 463 392 1545 432">
    <p class='ocr_par' dir='ltr' id='par_1_1' title="bbox 463 392 1545 432">
     <span class='ocr_line' id='line_1_1' title="bbox 463 392 1545 432; baseline -0.005 0"><span class='ocrx_word' id='word_1_1' title='bbox 463 396 539 432; x_wconf 75' lang='lat'><strong>404</strong></span> <span class='ocrx_word' id='word_1_2' title='bbox 774 394 1066 432; x_wconf 79' lang='lat' dir='ltr'><strong>FRAGMENTS</strong></span> <span class='ocrx_word' id='word_1_3' title='bbox 1093 393 1163 429; x_wconf 93' lang='lat' dir='ltr'><strong>DU</strong></span> <span class='ocrx_word' id='word_1_4' title='bbox 1192 392 1545 430; x_wconf 82' lang='lat' dir='ltr'><strong>COMMENTAIRE</strong></span> 
     </span>
    </p>
   </div>
   <div class='ocr_carea' id='block_1_2' title="bbox 450 476 1864 2668">
    <p class='ocr_par' dir='ltr' id='par_1_2' title="bbox 463 476 1863 620">
     <span class='ocr_line' id='line_1_2' title="bbox 525 476 1863 544; baseline -0.003 -18"><span class='ocrx_word' id='word_1_5' title='bbox 525 484 604 527; x_wconf 91' lang='lat'><strong>111.</strong></span> <span class='ocrx_word' id='word_1_6' title='bbox 643 480 784 537; x_wconf 86' lang='lat' dir='ltr'><strong>Quod</strong></span> <span class='ocrx_word' id='word_1_7' title='bbox 816 480 912 544; x_wconf 90' lang='lat' dir='ltr'><strong>ipse</strong></span> <span class='ocrx_word' id='word_1_8' title='bbox 946 496 1033 544; x_wconf 88' lang='lat' dir='ltr'><strong>pro</strong></span> <span class='ocrx_word' id='word_1_9' title='bbox 1063 479 1201 526; x_wconf 85' lang='lat' dir='ltr'><strong>nobis</strong></span> <span class='ocrx_word' id='word_1_10' title='bbox 1233 479 1278 525; x_wconf 91' lang='lat' dir='ltr'><strong>in</strong></span> <span class='ocrx_word' id='word_1_11' title='bbox 1305 479 1468 525; x_wconf 89' lang='lat' dir='ltr'><strong>mortis</strong></span> <span class='ocrx_word' id='word_1_12' title='bbox 1492 493 1662 526; x_wconf 84' lang='lat' dir='ltr'><strong>somno</strong></span> <span class='ocrx_word' id='word_1_13' title='bbox 1691 476 1863 523; x_wconf 89' lang='lat' dir='ltr'><strong>obdor-</strong></span> 
     </span>
     <span class='ocr_line' id='line_1_3' title="bbox 463 558 884 620; baseline -0.012 -16"><span class='ocrx_word' id='word_1_14' title='bbox 463 558 574 604; x_wconf 79' lang='lat' dir='ltr'><strong>miat</strong></span> <span class='ocrx_word' id='word_1_15' title='bbox 598 566 644 603; x_wconf 90' lang='lat' dir='ltr'><strong>et</strong></span> <span class='ocrx_word' id='word_1_16' title='bbox 662 566 884 620; x_wconf 84' lang='lat' dir='ltr'>resurgat.</span> 
     </span>
    </p>

    <p class='ocr_par' dir='ltr' id='par_1_3' title="bbox 461 634 1861 774">
     <span class='ocr_line' id='line_1_4' title="bbox 524 634 1861 698; baseline -0.002 -18"><span class='ocrx_word' id='word_1_17' title='bbox 524 638 603 681; x_wconf 90' lang='lat' dir='ltr'><strong>IV.</strong></span> <span class='ocrx_word' id='word_1_18' title='bbox 642 634 783 691; x_wconf 92' lang='lat' dir='ltr'><strong>Quod</strong></span> <span class='ocrx_word' id='word_1_19' title='bbox 805 635 901 696; x_wconf 88' lang='lat' dir='ltr'><strong>ipse</strong></span> <span class='ocrx_word' id='word_1_20' title='bbox 928 643 1033 698; x_wconf 87' lang='lat' dir='ltr'><strong>post</strong></span> <span class='ocrx_word' id='word_1_21' title='bbox 1056 634 1445 680; x_wconf 79' lang='lat' dir='ltr'><strong>resurrectionem</strong></span> <span class='ocrx_word' id='word_1_22' title='bbox 1473 634 1532 678; x_wconf 89' lang='lat' dir='ltr'><strong>sit</strong></span> <span class='ocrx_word' id='word_1_23' title='bbox 1556 648 1585 679; x_wconf 85' lang='lat' dir='ltr'><strong>a</strong></span> <span class='ocrx_word' id='word_1_24' title='bbox 1606 634 1707 678; x_wconf 90' lang='lat' dir='ltr'><strong>Deo</strong></span> <span class='ocrx_word' id='word_1_25' title='bbox 1731 641 1861 696; x_wconf 88' lang='lat' dir='ltr'><strong>patre</strong></span> 
     </span>
     <span class='ocr_line' id='line_1_5' title="bbox 461 710 1429 774; baseline -0.004 -17"><span class='ocrx_word' id='word_1_26' title='bbox 461 710 761 774; x_wconf 81' lang='lat' dir='ltr'><strong>glorificatus,</strong></span> <span class='ocrx_word' id='word_1_27' title='bbox 1427 750 1429 753; x_wconf 81' lang='grc'>,</span> 
     </span>
    </p>

    <p class='ocr_par' dir='ltr' id='par_1_4' title="bbox 459 785 1864 911">
     <span class='ocr_line' id='line_1_6' title="bbox 524 785 1864 851; baseline -0.002 -18"><span class='ocrx_word' id='word_1_28' title='bbox 524 790 581 834; x_wconf 88' lang='lat' dir='ltr'><strong>V.</strong></span> <span class='ocrx_word' id='word_1_29' title='bbox 620 786 761 844; x_wconf 90' lang='lat' dir='ltr'><strong>Quod</strong></span> <span class='ocrx_word' id='word_1_30' title='bbox 797 788 895 851; x_wconf 90' lang='lat' dir='ltr'><strong>ipse</strong></span> <span class='ocrx_word' id='word_1_31' title='bbox 927 787 984 833; x_wconf 90' lang='lat' dir='ltr'><strong>sit</strong></span> <span class='ocrx_word' id='word_1_32' title='bbox 1021 785 1309 833; x_wconf 85' lang='lat' dir='ltr'>inhabitator</span> <span class='ocrx_word' id='word_1_33' title='bbox 1337 795 1606 832; x_wconf 87' lang='lat' dir='ltr'><strong>sanctorum</strong></span> <span class='ocrx_word' id='word_1_34' title='bbox 1645 793 1691 831; x_wconf 88' lang='lat' dir='ltr'><strong>et</strong></span> <span class='ocrx_word' id='word_1_35' title='bbox 1727 799 1864 849; x_wconf 84' lang='lat' dir='ltr'><strong>exau-</strong></span> 
     </span>
     <span class='ocr_line' id='line_1_7' title="bbox 459 864 828 911; baseline 0.003 -1"><span class='ocrx_word' id='word_1_36' title='bbox 459 864 584 910; x_wconf 80' lang='lat' dir='ltr'>ditor</span> <span class='ocrx_word' id='word_1_37' title='bbox 609 865 828 911; x_wconf 79' lang='lat' dir='ltr'><strong>ecclesiae.</strong></span> 
     </span>
    </p>

    <p class='ocr_par' dir='ltr' id='par_1_5' title="bbox 525 941 1856 1007">
     <span class='ocr_line' id='line_1_8' title="bbox 525 941 1856 1007; baseline -0.002 -19"><span class='ocrx_word' id='word_1_38' title='bbox 525 945 601 989; x_wconf 92' lang='lat' dir='ltr'><strong>Vl.</strong></span> <span class='ocrx_word' id='word_1_39' title='bbox 619 942 762 1001; x_wconf 89' lang='lat' dir='ltr'><strong>Quod</strong></span> <span class='ocrx_word' id='word_1_40' title='bbox 775 943 874 1007; x_wconf 91' lang='lat' dir='ltr'><strong>ipse</strong></span> <span class='ocrx_word' id='word_1_41' title='bbox 884 942 942 988; x_wconf 89' lang='lat' dir='ltr'><strong>sit</strong></span> <span class='ocrx_word' id='word_1_42' title='bbox 952 951 1243 1007; x_wconf 84' lang='lat' dir='ltr'><strong>expugnator</strong></span> <span class='ocrx_word' id='word_1_43' title='bbox 1255 941 1553 988; x_wconf 88' lang='lat' dir='ltr'><strong>inimicorum</strong></span> <span class='ocrx_word' id='word_1_44' title='bbox 1568 949 1856 987; x_wconf 91' lang='lat' dir='ltr'><strong>nostrorum.</strong></span> 
     </span>
    </p>

    <p class='ocr_par' dir='ltr' id='par_1_6' title="bbox 524 1016 1858 1083">
     <span class='ocr_line' id='line_1_9' title="bbox 524 1016 1858 1083; baseline -0.002 -18"><span class='ocrx_word' id='word_1_45' title='bbox 524 1021 603 1065; x_wconf 91' lang='lat' dir='ltr'><strong>Vll</strong></span> <span class='ocrx_word' id='word_1_46' title='bbox 612 1056 621 1065; x_wconf 98' lang='lat'><strong>.</strong></span> <span class='ocrx_word' id='word_1_47' title='bbox 639 1018 782 1076; x_wconf 89' lang='lat' dir='ltr'><strong>Quod</strong></span> <span class='ocrx_word' id='word_1_48' title='bbox 795 1018 895 1083; x_wconf 90' lang='lat' dir='ltr'><strong>ipse</strong></span> <span class='ocrx_word' id='word_1_49' title='bbox 906 1018 963 1064; x_wconf 90' lang='lat' dir='ltr'><strong>sit</strong></span> <span class='ocrx_word' id='word_1_50' title='bbox 976 1018 1190 1064; x_wconf 90' lang='lat' dir='ltr'><strong>omnium</strong></span> <span class='ocrx_word' id='word_1_51' title='bbox 1206 1026 1436 1063; x_wconf 86' lang='lat' dir='ltr'><strong>scrutator</strong></span> <span class='ocrx_word' id='word_1_52' title='bbox 1448 1016 1858 1063; x_wconf 85' lang='lat' dir='ltr'><strong>conscientiarum.</strong></span> 
     </span>
    </p>

    <p class='ocr_par' dir='ltr' id='par_1_7' title="bbox 456 1092 1863 1234">
     <span class='ocr_line' id='line_1_10' title="bbox 524 1092 1863 1159; baseline -0.001 -19"><span class='ocrx_word' id='word_1_53' title='bbox 524 1097 642 1142; x_wconf 89' lang='lat' dir='ltr'><strong>VIII.</strong></span> <span class='ocrx_word' id='word_1_54' title='bbox 681 1095 823 1151; x_wconf 89' lang='lat' dir='ltr'><strong>Quod</strong></span> <span class='ocrx_word' id='word_1_55' title='bbox 860 1096 960 1159; x_wconf 90' lang='lat' dir='ltr'><strong>ipse</strong></span> <span class='ocrx_word' id='word_1_56' title='bbox 997 1093 1118 1140; x_wconf 82' lang='lat' dir='ltr'><strong>filius</strong></span> <span class='ocrx_word' id='word_1_57' title='bbox 1154 1093 1359 1140; x_wconf 90' lang='lat' dir='ltr'><strong>hominis</strong></span> <span class='ocrx_word' id='word_1_58' title='bbox 1397 1092 1645 1157; x_wconf 88' lang='lat' dir='ltr'><strong>paululum</strong></span> <span class='ocrx_word' id='word_1_59' title='bbox 1678 1093 1725 1139; x_wconf 90' lang='lat' dir='ltr'><strong>in</strong></span> <span class='ocrx_word' id='word_1_60' title='bbox 1762 1107 1863 1157; x_wconf 89' lang='lat' dir='ltr'><strong>pas·</strong></span> 
     </span>
     <span class='ocr_line' id='line_1_11' title="bbox 456 1170 1247 1234; baseline -0.001 -17"><span class='ocrx_word' id='word_1_61' title='bbox 456 1172 587 1218; x_wconf 91' lang='lat' dir='ltr'><strong>sione</strong></span> <span class='ocrx_word' id='word_1_62' title='bbox 610 1171 870 1218; x_wconf 87' lang='lat' dir='ltr'><strong>minoratus</strong></span> <span class='ocrx_word' id='word_1_63' title='bbox 892 1172 951 1218; x_wconf 89' lang='lat' dir='ltr'><strong>sit</strong></span> <span class='ocrx_word' id='word_1_64' title='bbox 971 1170 1032 1218; x_wconf 88' lang='lat' dir='ltr'><strong>ab</strong></span> <span class='ocrx_word' id='word_1_65' title='bbox 1054 1170 1247 1234; x_wconf 86' lang='lat' dir='ltr'><strong>angelis.</strong></span> 
     </span>
    </p>

    <p class='ocr_par' dir='ltr' id='par_1_8' title="bbox 456 1245 1862 1370">
     <span class='ocr_line' id='line_1_12' title="bbox 519 1245 1862 1312; baseline -0.002 -18"><span class='ocrx_word' id='word_1_66' title='bbox 519 1251 598 1295; x_wconf 91' lang='lat' dir='ltr'><strong>IX.</strong></span> <span class='ocrx_word' id='word_1_67' title='bbox 638 1247 780 1305; x_wconf 88' lang='lat' dir='ltr'><strong>Quod</strong></span> <span class='ocrx_word' id='word_1_68' title='bbox 811 1248 911 1312; x_wconf 91' lang='lat' dir='ltr'><strong>ipse</strong></span> <span class='ocrx_word' id='word_1_69' title='bbox 939 1263 1073 1295; x_wconf 88' lang='lat' dir='ltr'><strong>sacro</strong></span> <span class='ocrx_word' id='word_1_70' title='bbox 1103 1246 1311 1293; x_wconf 88' lang='lat' dir='ltr'><strong>adventu</strong></span> <span class='ocrx_word' id='word_1_71' title='bbox 1346 1263 1432 1292; x_wconf 92' lang='lat' dir='ltr'><strong>suo</strong></span> <span class='ocrx_word' id='word_1_72' title='bbox 1463 1261 1774 1310; x_wconf 88' lang='lat' dir='ltr'>oppressurus</span> <span class='ocrx_word' id='word_1_73' title='bbox 1805 1245 1862 1291; x_wconf 88' lang='lat' dir='ltr'><strong>sit</strong></span> 
     </span>
     <span class='ocr_line' id='line_1_13' title="bbox 456 1324 838 1370; baseline 0.003 -2"><span class='ocrx_word' id='word_1_74' title='bbox 456 1325 562 1370; x_wconf 86' lang='lat' dir='ltr'><strong>Anti</strong></span> <span class='ocrx_word' id='word_1_75' title='bbox 584 1324 838 1370; x_wconf 76' lang='lat' dir='ltr'><strong>Christum.</strong></span> 
     </span>
    </p>

    <p class='ocr_par' dir='ltr' id='par_1_9' title="bbox 453 1398 1861 1541">
     <span class='ocr_line' id='line_1_14' title="bbox 519 1398 1861 1465; baseline -0.002 -18"><span class='ocrx_word' id='word_1_76' title='bbox 519 1404 577 1447; x_wconf 89' lang='lat' dir='ltr'><strong>X.</strong></span> <span class='ocrx_word' id='word_1_77' title='bbox 614 1401 757 1458; x_wconf 89' lang='lat' dir='ltr'><strong>Quod</strong></span> <span class='ocrx_word' id='word_1_78' title='bbox 786 1402 885 1465; x_wconf 89' lang='lat' dir='ltr'><strong>ipse</strong></span> <span class='ocrx_word' id='word_1_79' title='bbox 916 1418 1065 1447; x_wconf 90' lang='lat' dir='ltr'><strong>unum</strong></span> <span class='ocrx_word' id='word_1_80' title='bbox 1088 1416 1325 1465; x_wconf 88' lang='lat' dir='ltr'>quemque</span> <span class='ocrx_word' id='word_1_81' title='bbox 1348 1398 1609 1446; x_wconf 87' lang='lat' dir='ltr'><strong>secundum</strong></span> <span class='ocrx_word' id='word_1_82' title='bbox 1635 1399 1861 1461; x_wconf 86' lang='lat' dir='ltr'><strong>justitiam</strong></span> 
     </span>
     <span class='ocr_line' id='line_1_15' title="bbox 453 1477 1090 1541; baseline -0.003 -16"><span class='ocrx_word' id='word_1_83' title='bbox 453 1478 816 1541; x_wconf 66' lang='lat' dir='ltr'><strong>aequitatemque</strong></span> <span class='ocrx_word' id='word_1_84' title='bbox 839 1477 1090 1524; x_wconf 84' lang='lat' dir='ltr'><strong>discernat.</strong></span> 
     </span>
    </p>

    <p class='ocr_par' dir='ltr' id='par_1_10' title="bbox 454 1551 1863 1676">
     <span class='ocr_line' id='line_1_16' title="bbox 517 1551 1863 1618; baseline -0.001 -19"><span class='ocrx_word' id='word_1_85' title='bbox 517 1556 596 1600; x_wconf 89' lang='lat' dir='ltr'><strong>XI.</strong></span> <span class='ocrx_word' id='word_1_86' title='bbox 635 1553 776 1610; x_wconf 91' lang='lat' dir='ltr'><strong>Quod</strong></span> <span class='ocrx_word' id='word_1_87' title='bbox 801 1554 898 1618; x_wconf 84' lang='lat' dir='ltr'><strong>ipse</strong></span> <span class='ocrx_word' id='word_1_88' title='bbox 922 1563 1116 1618; x_wconf 82' lang='lat' dir='ltr'><strong>propter</strong></span> <span class='ocrx_word' id='word_1_89' title='bbox 1143 1553 1328 1616; x_wconf 84' lang='lat' dir='ltr'><strong>inopias</strong></span> <span class='ocrx_word' id='word_1_90' title='bbox 1352 1561 1534 1598; x_wconf 85' lang='lat' dir='ltr'><strong>nostras</strong></span> <span class='ocrx_word' id='word_1_91' title='bbox 1562 1551 1863 1616; x_wconf 80' lang='lat' dir='ltr'><strong>miseriasque</strong></span> 
     </span>
     <span class='ocr_line' id='line_1_17' title="bbox 454 1638 667 1676; baseline -0.009 0"><span class='ocrx_word' id='word_1_92' title='bbox 454 1638 667 1676; x_wconf 84' lang='lat' dir='ltr'><strong>surrexit.</strong></span> 
     </span>
    </p>

    <p class='ocr_par' dir='ltr' id='par_1_11' title="bbox 454 1702 1861 1829">
     <span class='ocr_line' id='line_1_18' title="bbox 518 1702 1861 1770; baseline 0 -19"><span class='ocrx_word' id='word_1_93' title='bbox 518 1708 617 1752; x_wconf 86' lang='lat' dir='ltr'><strong>XII.</strong></span> <span class='ocrx_word' id='word_1_94' title='bbox 656 1704 798 1762; x_wconf 90' lang='lat' dir='ltr'><strong>Quod</strong></span> <span class='ocrx_word' id='word_1_95' title='bbox 814 1706 914 1770; x_wconf 90' lang='lat' dir='ltr'><strong>ipse</strong></span> <span class='ocrx_word' id='word_1_96' title='bbox 931 1705 1093 1752; x_wconf 86' lang='lat' dir='ltr'><strong>oculos</strong></span> <span class='ocrx_word' id='word_1_97' title='bbox 1107 1714 1293 1751; x_wconf 85' lang='lat' dir='ltr'><strong>nostros</strong></span> <span class='ocrx_word' id='word_1_98' title='bbox 1311 1702 1431 1768; x_wconf 88' lang='lat' dir='ltr'><strong>[qui]</strong></span> <span class='ocrx_word' id='word_1_99' title='bbox 1451 1704 1499 1750; x_wconf 88' lang='lat' dir='ltr'><strong>in</strong></span> <span class='ocrx_word' id='word_1_100' title='bbox 1518 1713 1691 1751; x_wconf 85' lang='lat' dir='ltr'><strong>aeterna</strong></span> <span class='ocrx_word' id='word_1_101' title='bbox 1709 1714 1861 1751; x_wconf 91' lang='lat' dir='ltr'><strong>morte</strong></span> 
     </span>
     <span class='ocr_line' id='line_1_19' title="bbox 454 1780 1052 1829; baseline 0.002 -1"><span class='ocrx_word' id='word_1_102' title='bbox 454 1780 761 1829; x_wconf 80' lang='lat' dir='ltr'><strong>obdormiant</strong></span> <span class='ocrx_word' id='word_1_103' title='bbox 785 1781 1052 1829; x_wconf 89' lang='lat' dir='ltr'><strong>inluminat.</strong></span> 
     </span>
    </p>

    <p class='ocr_par' dir='ltr' id='par_1_12' title="bbox 516 1857 1773 1923">
     <span class='ocr_line' id='line_1_20' title="bbox 516 1857 1773 1923; baseline 0.001 -20"><span class='ocrx_word' id='word_1_104' title='bbox 516 1860 638 1904; x_wconf 87' lang='lat' dir='ltr'><strong>XIII.</strong></span> <span class='ocrx_word' id='word_1_105' title='bbox 677 1857 820 1915; x_wconf 90' lang='lat' dir='ltr'><strong>Quod</strong></span> <span class='ocrx_word' id='word_1_106' title='bbox 844 1858 943 1923; x_wconf 89' lang='lat' dir='ltr'><strong>ipse</strong></span> <span class='ocrx_word' id='word_1_107' title='bbox 968 1857 1092 1922; x_wconf 89' lang='lat' dir='ltr'><strong>plebi</strong></span> <span class='ocrx_word' id='word_1_108' title='bbox 1120 1874 1214 1904; x_wconf 86' lang='lat' dir='ltr'><strong>suae</strong></span> <span class='ocrx_word' id='word_1_109' title='bbox 1238 1858 1556 1922; x_wconf 86' lang='lat' dir='ltr'><strong>captivitatem</strong></span> <span class='ocrx_word' id='word_1_110' title='bbox 1579 1865 1773 1904; x_wconf 87' lang='lat' dir='ltr'><strong>avertat.</strong></span> 
     </span>
    </p>

    <p class='ocr_par' dir='ltr' id='par_1_13' title="bbox 452 1933 1860 2075">
     <span class='ocr_line' id='line_1_21' title="bbox 515 1933 1860 1998; baseline 0 -18"><span class='ocrx_word' id='word_1_111' title='bbox 515 1936 636 1980; x_wconf 91' lang='lat' dir='ltr'><strong>XIV.</strong></span> <span class='ocrx_word' id='word_1_112' title='bbox 676 1934 819 1991; x_wconf 91' lang='lat' dir='ltr'><strong>Quod</strong></span> <span class='ocrx_word' id='word_1_113' title='bbox 850 1934 950 1998; x_wconf 88' lang='lat' dir='ltr'><strong>ipse</strong></span> <span class='ocrx_word' id='word_1_114' title='bbox 978 1935 1035 1981; x_wconf 91' lang='lat' dir='ltr'><strong>sit</strong></span> <span class='ocrx_word' id='word_1_115' title='bbox 1069 1951 1207 1981; x_wconf 90' lang='lat' dir='ltr'><strong>mons</strong></span> <span class='ocrx_word' id='word_1_116' title='bbox 1234 1934 1281 1981; x_wconf 93' lang='lat' dir='ltr'><strong>in</strong></span> <span class='ocrx_word' id='word_1_117' title='bbox 1308 1950 1405 1997; x_wconf 90' lang='lat' dir='ltr'><strong>quo</strong></span> <span class='ocrx_word' id='word_1_118' title='bbox 1433 1934 1600 1982; x_wconf 86' lang='lat' dir='ltr'><strong>animae</strong></span> <span class='ocrx_word' id='word_1_119' title='bbox 1623 1933 1860 1997; x_wconf 86' lang='lat' dir='ltr'><strong>justorum</strong></span> 
     </span>
     <span class='ocr_line' id='line_1_22' title="bbox 452 2012 764 2075; baseline 0.003 -19"><span class='ocrx_word' id='word_1_120' title='bbox 452 2012 764 2075; x_wconf 87' lang='lat' dir='ltr'><strong>requiescant.</strong></span> 
     </span>
    </p>

    <p class='ocr_par' dir='ltr' id='par_1_14' title="bbox 450 2085 1859 2210">
     <span class='ocr_line' id='line_1_23' title="bbox 515 2085 1859 2151; baseline -0.001 -18"><span class='ocrx_word' id='word_1_121' title='bbox 515 2090 615 2133; x_wconf 92' lang='lat' dir='ltr'><strong>XV.</strong></span> <span class='ocrx_word' id='word_1_122' title='bbox 655 2087 797 2144; x_wconf 88' lang='lat' dir='ltr'><strong>Quod</strong></span> <span class='ocrx_word' id='word_1_123' title='bbox 822 2087 921 2151; x_wconf 89' lang='lat' dir='ltr'><strong>ipse</strong></span> <span class='ocrx_word' id='word_1_124' title='bbox 945 2103 1032 2151; x_wconf 91' lang='lat' dir='ltr'><strong>pro</strong></span> <span class='ocrx_word' id='word_1_125' title='bbox 1057 2086 1196 2134; x_wconf 88' lang='lat' dir='ltr'><strong>nobis</strong></span> <span class='ocrx_word' id='word_1_126' title='bbox 1218 2103 1381 2151; x_wconf 87' lang='lat' dir='ltr'><strong>passus</strong></span> <span class='ocrx_word' id='word_1_127' title='bbox 1402 2087 1449 2133; x_wconf 87' lang='lat' dir='ltr'><strong>in</strong></span> <span class='ocrx_word' id='word_1_128' title='bbox 1474 2085 1660 2134; x_wconf 87' lang='lat' dir='ltr'><strong>inferno</strong></span> <span class='ocrx_word' id='word_1_129' title='bbox 1683 2102 1782 2133; x_wconf 90' lang='lat' dir='ltr'><strong>non</strong></span> <span class='ocrx_word' id='word_1_130' title='bbox 1801 2086 1859 2133; x_wconf 92' lang='lat' dir='ltr'><strong>sit</strong></span> 
     </span>
     <span class='ocr_line' id='line_1_24' title="bbox 450 2161 715 2210; baseline 0.011 -3"><span class='ocrx_word' id='word_1_131' title='bbox 450 2161 715 2210; x_wconf 89' lang='lat' dir='ltr'><strong>derelictus.</strong></span> 
     </span>
    </p>

    <p class='ocr_par' dir='ltr' id='par_1_15' title="bbox 450 2238 1858 2362">
     <span class='ocr_line' id='line_1_25' title="bbox 514 2238 1858 2303; baseline 0 -18"><span class='ocrx_word' id='word_1_132' title='bbox 514 2241 634 2286; x_wconf 91' lang='lat' dir='ltr'><strong>XVI.</strong></span> <span class='ocrx_word' id='word_1_133' title='bbox 673 2238 815 2296; x_wconf 92' lang='lat' dir='ltr'><strong>Quod</strong></span> <span class='ocrx_word' id='word_1_134' title='bbox 848 2239 946 2303; x_wconf 88' lang='lat' dir='ltr'><strong>ipse</strong></span> <span class='ocrx_word' id='word_1_135' title='bbox 971 2248 1100 2286; x_wconf 78' lang='lat' dir='ltr'><strong>extra</strong></span> <span class='ocrx_word' id='word_1_136' title='bbox 1135 2238 1301 2286; x_wconf 88' lang='lat' dir='ltr'><strong>urbem</strong></span> <span class='ocrx_word' id='word_1_137' title='bbox 1330 2239 1506 2303; x_wconf 87' lang='lat' dir='ltr'><strong>ejectus</strong></span> <span class='ocrx_word' id='word_1_138' title='bbox 1536 2255 1564 2286; x_wconf 89' lang='lat' dir='ltr'><strong>a</strong></span> <span class='ocrx_word' id='word_1_139' title='bbox 1595 2238 1766 2286; x_wconf 87' lang='lat' dir='ltr'><strong>Judaeis</strong></span> <span class='ocrx_word' id='word_1_140' title='bbox 1800 2239 1858 2286; x_wconf 91' lang='lat' dir='ltr'><strong>sit</strong></span> 
     </span>
     <span class='ocr_line' id='line_1_26' title="bbox 450 2315 786 2362; baseline 0.006 -2"><span class='ocrx_word' id='word_1_141' title='bbox 450 2315 786 2362; x_wconf 81' lang='lat' dir='ltr'><strong>circumdatus,</strong></span> 
     </span>
    </p>

    <p class='ocr_par' dir='ltr' id='par_1_16' title="bbox 450 2389 1857 2533">
     <span class='ocr_line' id='line_1_27' title="bbox 514 2389 1857 2456; baseline 0.001 -18"><span class='ocrx_word' id='word_1_142' title='bbox 514 2394 655 2438; x_wconf 87' lang='lat' dir='ltr'><strong>XVII.</strong></span> <span class='ocrx_word' id='word_1_143' title='bbox 698 2391 841 2449; x_wconf 89' lang='lat' dir='ltr'><strong>Quod</strong></span> <span class='ocrx_word' id='word_1_144' title='bbox 874 2392 974 2456; x_wconf 86' lang='lat' dir='ltr'><strong>ipse</strong></span> <span class='ocrx_word' id='word_1_145' title='bbox 1014 2389 1236 2438; x_wconf 84' lang='lat' dir='ltr'><strong>fundator</strong></span> <span class='ocrx_word' id='word_1_146' title='bbox 1273 2391 1332 2437; x_wconf 88' lang='lat' dir='ltr'><strong>sit</strong></span> <span class='ocrx_word' id='word_1_147' title='bbox 1370 2390 1572 2438; x_wconf 81' lang='lat' dir='ltr'><strong>ecciesiae</strong></span> <span class='ocrx_word' id='word_1_148' title='bbox 1607 2401 1655 2438; x_wconf 90' lang='lat' dir='ltr'><strong>et</strong></span> <span class='ocrx_word' id='word_1_149' title='bbox 1689 2407 1794 2438; x_wconf 90' lang='lat' dir='ltr'><strong>eam</strong></span> <span class='ocrx_word' id='word_1_150' title='bbox 1829 2407 1857 2439; x_wconf 90' lang='lat' dir='ltr'><strong>a</strong></span> 
     </span>
     <span class='ocr_line' id='line_1_28' title="bbox 450 2467 1225 2533; baseline 0 -19"><span class='ocrx_word' id='word_1_151' title='bbox 450 2467 838 2533; x_wconf 87' lang='lat' dir='ltr'><strong>temptationibus</strong></span> <span class='ocrx_word' id='word_1_152' title='bbox 862 2467 1018 2514; x_wconf 87' lang='lat' dir='ltr'><strong>multis</strong></span> <span class='ocrx_word' id='word_1_153' title='bbox 1042 2468 1225 2532; x_wconf 87' lang='lat' dir='ltr'><strong>eripiat.</strong></span> 
     </span>
    </p>

    <p class='ocr_par' dir='ltr' id='par_1_17' title="bbox 450 2543 1854 2668">
     <span class='ocr_line' id='line_1_29' title="bbox 513 2543 1854 2608; baseline -0.001 -17"><span class='ocrx_word' id='word_1_154' title='bbox 513 2547 677 2592; x_wconf 90' lang='lat' dir='ltr'><strong>XVIII.</strong></span> <span class='ocrx_word' id='word_1_155' title='bbox 716 2543 858 2602; x_wconf 92' lang='lat' dir='ltr'><strong>Quod</strong></span> <span class='ocrx_word' id='word_1_156' title='bbox 892 2545 988 2608; x_wconf 90' lang='lat' dir='ltr'><strong>ipse</strong></span> <span class='ocrx_word' id='word_1_157' title='bbox 1016 2544 1252 2608; x_wconf 84' lang='lat' dir='ltr'><strong>virginalis</strong></span> <span class='ocrx_word' id='word_1_158' title='bbox 1283 2544 1461 2591; x_wconf 84' lang='lat' dir='ltr'><strong>talami¹</strong></span> <span class='ocrx_word' id='word_1_159' title='bbox 1498 2548 1708 2607; x_wconf 85' lang='lat' dir='ltr'><strong>ingressu</strong></span> <span class='ocrx_word' id='word_1_160' title='bbox 1743 2560 1854 2608; x_wconf 87' lang='lat' dir='ltr'><strong>pro·</strong></span> 
     </span>
     <span class='ocr_line' id='line_1_30' title="bbox 450 2620 1367 2668; baseline -0.002 0"><span class='ocrx_word' id='word_1_161' title='bbox 450 2621 638 2668; x_wconf 89' lang='lat' dir='ltr'><strong>cesserit</strong></span> <span class='ocrx_word' id='word_1_162' title='bbox 658 2622 815 2668; x_wconf 86' lang='lat' dir='ltr'><strong>oculta</strong></span> <span class='ocrx_word' id='word_1_163' title='bbox 838 2620 1088 2667; x_wconf 90' lang='lat' dir='ltr'><strong>hominum</strong></span> <span class='ocrx_word' id='word_1_164' title='bbox 1111 2620 1367 2668; x_wconf 88' lang='lat' dir='ltr'><strong>deleturus.</strong></span> 
     </span>
    </p>
   </div>
   <div class='ocr_carea' id='block_1_3' title="bbox 448 2794 1850 2905">
    <p class='ocr_par' dir='ltr' id='par_1_18' title="bbox 448 2794 1850 2905">
     <span class='ocr_line' id='line_1_31' title="bbox 501 2794 1850 2847; baseline 0.001 -16"><span class='ocrx_word' id='word_1_165' title='bbox 501 2794 560 2846; x_wconf 85' lang='lat'><strong>(1)</strong></span> <span class='ocrx_word' id='word_1_166' title='bbox 590 2795 661 2832; x_wconf 89' lang='lat' dir='ltr'><strong>Hic</strong></span> <span class='ocrx_word' id='word_1_167' title='bbox 694 2803 918 2834; x_wconf 85' lang='lat' dir='ltr'><strong>annotatum</strong></span> <span class='ocrx_word' id='word_1_168' title='bbox 942 2809 965 2834; x_wconf 88' lang='lat' dir='ltr'><strong>a</strong></span> <span class='ocrx_word' id='word_1_169' title='bbox 993 2804 1184 2834; x_wconf 83' lang='lat' dir='ltr'><strong>coaetaneo</strong></span> <span class='ocrx_word' id='word_1_170' title='bbox 1217 2795 1402 2847; x_wconf 86' lang='lat' dir='ltr'><strong>scriptore</strong></span> <span class='ocrx_word' id='word_1_171' title='bbox 1432 2811 1438 2833; x_wconf 94' lang='lat'>:</span> <span class='ocrx_word' id='word_1_172' title='bbox 1479 2795 1678 2833; x_wconf 75' lang='lat' dir='ltr'><strong>Thalamus</strong></span> <span class='ocrx_word' id='word_1_173' title='bbox 1710 2809 1850 2846; x_wconf 67' lang='lat' dir='ltr'><strong>graece,</strong></span> 
     </span>
     <span class='ocr_line' id='line_1_32' title="bbox 448 2853 1722 2905; baseline 0.003 -16"><span class='ocrx_word' id='word_1_174' title='bbox 448 2857 565 2890; x_wconf 79' lang='lat' dir='ltr'><strong>latine</strong></span> <span class='ocrx_word' id='word_1_175' title='bbox 584 2856 770 2903; x_wconf 77' lang='lat' dir='ltr'><strong>voluptc155</strong></span> <span class='ocrx_word' id='word_1_176' title='bbox 795 2856 882 2892; x_wconf 81' lang='lat' dir='ltr'><strong>inde</strong></span> <span class='ocrx_word' id='word_1_177' title='bbox 902 2855 1040 2892; x_wconf 82' lang='lat' dir='ltr'><strong>dicitur</strong></span> <span class='ocrx_word' id='word_1_178' title='bbox 1058 2858 1158 2891; x_wconf 80' lang='lat' dir='ltr'><strong>locus</strong></span> <span class='ocrx_word' id='word_1_179' title='bbox 1176 2853 1238 2891; x_wconf 81' lang='lat' dir='ltr'><strong>ubi</strong></span> <span class='ocrx_word' id='word_1_180' title='bbox 1258 2855 1536 2905; x_wconf 82' lang='lat' dir='ltr'><strong>devirginantur</strong></span> <span class='ocrx_word' id='word_1_181' title='bbox 1554 2858 1722 2905; x_wconf 78' lang='lat' dir='ltr'><strong>virgines.</strong></span> 
     </span>
    </p>
   </div>
  </div>
 </body>
</html>
