2054 3450
420 332 461 368 31
472 334 496 368 4
936 330 1065 367 vlTAE
1092 330 1299 368 PATRUM
1306 359 1315 369 .

418 419 546 465 enim
577 418 619 464 ei
650 433 820 480 magna
851 417 1099 482 patientia,
1128 425 1401 479 tantamque
1432 417 1656 466 adversus
1690 419 1825 465 susti-

418 495 685 542 nendarum
723 494 1003 557 injuriarum
1038 493 1130 541 tela
1165 493 1741 558 sumpserat-bonitatem,
1775 506 1827 542 ut

418 583 607 636 putares
630 589 740 619 eum
763 571 908 618 lorica
930 570 1194 618 dulcedinis
1219 587 1318 618 esse
1337 570 1577 618 vallatum.
1608 574 1717 620 Erat
1739 589 1823 619 au-

416 660 514 697 tem
548 649 795 697 monachis
823 649 1009 710 hortus,
1047 648 1344 695 diversorum
1376 647 1560 695 olerum
1594 649 1728 713 copia
1761 650 1829 696 in-

417 728 543 790 genti
586 726 809 784 refertus,
856 725 1175 790 arborumque
1219 725 1485 782 fructuum,
1530 734 1577 771 et
1614 741 1828 772 amoenus

417 803 594 851 visibus
616 813 663 851 et
686 803 919 850 fertilitate
951 802 1192 867 jucundus
1219 821 1228 849 :
1259 801 1347 849 sub
1371 818 1572 866 quarum
1602 801 1828 849 arborum

418 880 700 928 umbraculo
732 880 1085 927 susurrantibus
1127 896 1252 927 aurae
1293 879 1432 926 sibilo
1472 878 1621 937 foliis,
1664 879 1829 926 beatus

416 975 558 1005 senex
589 958 870 1022 plerumque
902 957 1111 1004 sedebat.
1146 956 1353 1015 Quidam
1388 965 1547 1004 autem
1578 955 1830 1021 impudens

416 1046 461 1082 et
503 1036 604 1082 sine
638 1036 810 1082 timore
848 1036 957 1093 Dei,
999 1035 1116 1099 gulae
1154 1034 1537 1099 circumscriptus
1572 1033 1826 1093 desiderio,

415 1112 606 1160 effracta
626 1129 737 1178 sepe
759 1112 905 1171 horti,
936 1111 1107 1159 furtivo
1131 1122 1199 1159 est
1222 1112 1458 1176 ingressus
1481 1127 1688 1171 accessu,
1710 1111 1832 1158 sicut

416 1191 649 1236 Dominus
673 1188 929 1254 exprobrat
961 1190 1009 1236 in
1032 1188 1298 1252 evangelio,
1327 1188 1439 1252 quia
1465 1209 1488 1230 «
1514 1188 1596 1251 qui
1623 1186 1734 1234 non'
1755 1187 1827 1233 in-

415 1277 506 1314 trat
534 1284 618 1332 per
636 1266 854 1330 januam,
881 1266 959 1313 hic
982 1266 1056 1312 fur
1080 1275 1149 1313 est
1182 1275 1229 1313 et
1258 1265 1396 1312 latro.
1430 1286 1451 1307 ι)
1491 1268 1639 1312 Porro
1671 1273 1829 1311 autem

416 1353 516 1391 erat
551 1344 702 1390 noctis
736 1353 947 1408 tempus,
984 1359 1073 1390 nec
1107 1343 1236 1390 euim
1269 1352 1488 1408 poterant
1522 1341 1622 1388 haec
1658 1341 1748 1387 nisi
1780 1341 1828 1386 in

416 1430 556 1467 nocte
587 1422 866 1486 perpetrari,
904 1421 1015 1484 quia
1050 1441 1071 1462 «
1113 1419 1269 1466 omnis
1302 1419 1384 1482 qui
1411 1419 1535 1465 male
1569 1417 1688 1480 agit,
1730 1417 1832 1463 odit

417 1499 587 1544 lucem.
620 1519 642 1542 ι)
667 1498 752 1544 Hic
775 1514 886 1544 vero
909 1497 1119 1544 collectis
1138 1495 1365 1554 oleribus,
1395 1496 1619 1560 cepisque
1643 1504 1690 1541 et
1715 1493 1832 1541 alliis

417 1575 513 1620 sive
537 1575 710 1638 pomis,
737 1585 959 1621 oneratus
989 1574 1111 1620 fasce
1133 1573 1312 1620 fraudis
1335 1573 1532 1636 iniquae,
1558 1571 1620 1620 ad
1648 1571 1830 1619 aditum

416 1668 514 1715 quo
531 1652 766 1715 ingressus
787 1651 937 1698 suerat
958 1651 1135 1714 pergit;
1160 1649 1241 1696 sed
1264 1665 1566 1713 nequaquam
1590 1649 1763 1714 reperit
1780 1659 1830 1695 ut

416 1728 733 1793 egrederetur.
764 1730 995 1775 Gravatur
1027 1744 1189 1785 onere,
1222 1726 1520 1774 consciencia
1542 1735 1758 1786 terretur,
1786 1734 1832 1772 et

417 1807 539 1853 inter
557 1806 743 1854 labores
758 1806 1028 1871 ponderum
1037 1805 1128 1852 alta
1148 1804 1346 1868 suspiria
1367 1803 1496 1850 ducit
1516 1823 1524 1848 :
1545 1812 1832 1850 sustentatur

417 1886 656 1932 interdum
689 1901 831 1949 super
870 1884 1116 1930 columnas
1152 1881 1395 1928 arborum.
1441 1881 1616 1928 Circuit
1658 1881 1829 1928 iterum

417 1964 683 2026 iterumque
713 1978 907 2008 omnem
941 1960 1250 2007 ambitionem
1287 1958 1438 2018 horti3
1471 1968 1518 2004 et
1554 1974 1652 2004 non
1684 1956 1830 2005 modo

418 2040 591 2086 ostium
624 2054 723 2085 non
750 2038 949 2102 reperit,
985 2053 1147 2083 verum
1179 2037 1319 2082 etiam
1351 2051 1441 2080 nec
1466 2035 1648 2098 ipsum,
1687 2049 1828 2096 quem

419 2119 541 2163 inter
565 2126 822 2163 nocturnas
841 2115 1060 2161 tenebras
1076 2113 1312 2178 patefecit,
1333 2111 1531 2159 advertit
1546 2111 1825 2174 ingressum.

417 2197 682 2258 Torquetur
694 2193 821 2239 enirn
841 2191 1019 2256 duplici
1039 2190 1271 2237 cruciatus
1291 2188 1474 2249 dolore,
1497 2205 1558 2235 ne
1571 2197 1653 2234 aut
1673 2197 1830 2235 tenea·
1881 2210 1884 2213 ⁴

420 2282 499 2318 tur
521 2288 549 2318 a
570 2270 835 2329 monachis,
864 2279 945 2316 aut
968 2285 995 2315 a
1010 2267 1170 2332 judice
1193 2267 1423 2330 capiatur.
1451 2269 1577 2312 Inter
1599 2265 1684 2311 has
1707 2265 1830 2327 cogi-

419 2349 653 2396 tationum
694 2347 816 2394 faces
859 2363 953 2393 nox
988 2347 1031 2392 ei
1072 2345 1344 2407 elongatur,
1392 2342 1533 2406 jubar
1575 2342 1692 2388 lucis
1730 2358 1829 2396 non

420 2426 693 2473 desideratae
718 2425 959 2472 redditur:
986 2422 1132 2470 abbas
1151 2438 1264 2469 vero
1294 2422 1341 2467 in
1366 2420 1615 2485 psallentio
1639 2430 1831 2466 noctem

421 2503 573 2561 ducit,
612 2513 658 2550 et
695 2514 747 2549 ut
789 2501 933 2549 credo
967 2500 1203 2547 revelante
1235 2502 1366 2559 Deo,
1405 2515 1509 2563 quae
1547 2496 1830 2561 gerebantur

421 2580 647 2642 agnoscit.
672 2580 857 2626 Etenim
881 2577 1147 2625 albescente
1172 2578 1268 2639 jam
1298 2576 1412 2640 polo
1444 2584 1582 2622 vocat
1603 2573 1830 2638 praeposi-

420 2667 542 2713 tum,
567 2657 728 2704 dicens
749 2676 759 2703 ;
787 2676 808 2700 «
831 2658 1032 2703 Accurre
1054 2654 1264 2701 velocius
1283 2652 1344 2699 ad
1363 2652 1575 2708 hortum,
1595 2650 1684 2696 bos
1701 2650 1828 2696 enim

422 2733 635 2797 petulcus
656 2736 890 2796 ingressus
923 2743 990 2779 est
1022 2733 1069 2778 in
1099 2748 1226 2787 eum,
1254 2729 1336 2776 sed
1366 2727 1486 2774 nihil
1512 2727 1627 2773 laesit
1661 2743 1716 2773 ex
1747 2743 1823 2784 eo,

421 2811 593 2858 accede
618 2828 764 2870 nunc,
790 2820 836 2856 et
854 2810 1085 2873 impositis
1107 2806 1376 2855 necessariis
1393 2804 1575 2852 dimitte
1598 2819 1726 2850 eum.
1752 2803 1828 2850 Sic
