2054 3450
436 363 510 399 326
947 359 1074 395 VITAE
1100 358 1319 396 PATRUM.

436 464 554 514 puer
569 445 897 511 hujuscemodi
922 445 1093 492 morbo
1115 445 1356 504 laborans,
1380 445 1538 493 audita
1558 445 1839 493 confessoris

435 526 578 588 hujus
602 540 764 589 opera,
788 539 876 588 pro
902 523 1091 569 luminis
1117 522 1287 586 perditi
1313 522 1581 587 receptione
1602 531 1835 587 precatur.

437 606 532 650 Nec
552 611 763 648 moratur
774 601 868 662 ille,
885 600 967 647 sed
988 601 1208 648 invocato
1224 599 1394 646 Christi
1416 600 1627 658 nomine,
1651 615 1841 646 crucem

439 679 587 727 oculis
613 679 720 726 caeci
745 679 966 743 imponit,
995 678 1244 740 statimque
1263 676 1500 724 defluente
1522 676 1625 722 rivo
1653 677 1840 741 sangui-

439 758 511 804 nis
548 756 627 803 lux
656 756 871 815 intravit,
907 771 962 801 ac
988 763 1094 819 post
1130 754 1294 816 viginti
1331 769 1566 800 annorum
1591 753 1840 814 curricula,

439 830 614 878 orbatae
633 830 774 876 fronti
795 829 1092 892 geminorum
1109 827 1313 875 siderum
1323 827 1464 890 jubar
1484 827 1722 874 inclaruit»
1735 829 1845 879 Duo

439 908 574 972 pueri
595 905 818 953 membris
842 905 1065 952 omnibus
1082 903 1277 965 debiles,
1303 905 1415 951 etin
1435 903 1632 950 modum
1658 903 1846 968 sphaerae

437 985 486 1031 in
518 983 823 1030 rotundidate
856 982 1111 1041 contracti,
1141 981 1240 1044 ejus
1262 980 1592 1046 conspectibus
1612 990 1736 1032 ‚sunt
1767 979 1848 1028 de—

439 1062 552 1108 lati:
579 1059 750 1124 quibus
774 1058 1006 1123 impositis
1037 1057 1275 1115 manibus,
1312 1058 1602 1121 reintegratis
1632 1056 1844 1118 artubuS,

441 1139 582 1186 unius
606 1137 733 1184 horae
757 1146 1004 1184 momento
1031 1145 1286 1199 utrumque
1315 1133 1520 1181 reddidit
1551 1133 1844 1194 absolutum3

442 1215 790 1279 geminavitque
804 1212 975 1260 deinde
989 1212 1184 1276 geminae
1206 1212 1388 1258 virtutis
1405 1210 1704 1258 beneficium.
1728 1213 1852 1258 Puer

443 1310 555 1341 cum
586 1292 743 1358 puella
766 1307 928 1338 coram
960 1306 1017 1337 eo
1047 1288 1300 1335 contractis
1334 1288 1554 1335 manibus
1585 1288 1847 1346 astiterunt,

446 1379 546 1418 erat
572 1378 729 1415 autem
757 1377 870 1414 tunc
895 1366 1105 1413 medium
1130 1363 1361 1430 paschalis
1384 1364 1552 1411 festum
1574 1364 1851 1411 solemnitau

445 1448 526 1507 tis,
562 1461 765 1508 cumque
798 1460 886 1509 pro
923 1459 1015 1489 suae
1043 1441 1315 1488 directionis
1348 1440 1532 1487 medela
1565 1441 1651 1487 Dei
1674 1441 1853 1488 famulo

448 1523 783 1590 supplicarent,
808 1532 854 1569 et
873 1521 949 1568 ille
972 1537 1061 1585 pro
1083 1536 1138 1568 ea
1158 1536 1260 1583 quae
1281 1519 1343 1566 ad
1361 1519 1604 1566 ecclesiam
1622 1536 1856 1568 convene-

449 1611 520 1649 rat
541 1600 707 1666 populi
735 1598 998 1663 frequentia
1020 1597 1122 1645 haec
1145 1596 1326 1660 agenda
1354 1596 1579 1655 differret,
1607 1597 1854 1662 indignum

448 1691 497 1725 se
524 1677 769 1724 clamitans
800 1693 884 1741 per
911 1692 1055 1740 quem
1084 1678 1211 1723 Deus
1240 1674 1438 1722 infirmis
1467 1674 1676 1740 praebere
1705 1673 1854 1722 bene-

449 1754 556 1802 ficia
577 1754 863 1817 dignaretur,
891 1752 1264 1819 supplicantibus
1277 1752 1475 1812 cunctiS‚
1502 1767 1672 1799 manus
1689 1767 1855 1799 eorum

450 1833 545 1879 suis
579 1832 781 1896 suscepit
811 1831 859 1878 in
892 1830 1111 1879 manibus
1127 1866 1139 1888 ,
1167 1830 1340 1894 quibus
1362 1829 1640 1890 attrectatis,
1669 1829 1858 1877 directis

448 1910 628 1973 digitis,
670 1926 810 1956 sanos
843 1907 1096 1956 abscedere
1127 1906 1279 1970 jubet.
1326 1908 1400 1954 Sic
1444 1916 1489 1954 et
1525 1907 1723 1965 Benaia,
1764 1906 1858 1954 hoc

450 1987 576 2033 enim
616 1997 716 2033 erat
746 2002 921 2032 nomen
955 1985 1187 2044 mulieris,
1222 1984 1388 2031 oculos
1415 1984 1629 2031 deferens
1651 1982 1851 2038 clausos,

450 2072 575 2109 tactu
601 2062 815 2110 salutaris
840 2061 1012 2108 dextrae
1046 2059 1313 2120 benedicta,
1339 2060 1600 2107 illuminata
1627 2059 1852 2107 discessit,

450 2138 540 2185 Sed
577 2156 663 2186 nec
697 2137 814 2185 illud
846 2138 998 2185 occuli
1033 2147 1179 2201 put0,
1215 2136 1346 2200 quod
1378 2137 1544 2201 saepius
1578 2137 1678 2200 ejus
1705 2137 1857 2184 oratio

448 2216 576 2262 virus
597 2216 886 2279 serpentium
907 2215 1147 2261 exinanire
1168 2212 1389 2260 obtinuit.
1409 2216 1518 2261 Duo
1538 2214 1667 2260 enim
1688 2214 1859 2262 tumidi

450 2309 610 2340 morsu
629 2292 770 2355 hydri
797 2292 897 2355 ejus
921 2290 1121 2355 pedibus
1145 2299 1526 2355 prosternuntur,
1552 2290 1859 2355 deprecantes

450 2380 502 2416 ut
530 2369 657 2416 virus
693 2368 825 2431 quod
849 2368 966 2414 dens
987 2368 1123 2414 malae
1150 2366 1309 2414 bestiae
1343 2366 1541 2414 artubus
1563 2366 1860 2430 moribundis

448 2446 624 2509 injecit,
653 2461 735 2492 sua
769 2445 938 2490 virtute
972 2443 1239 2490 discuteret.
1267 2446 1325 2490 At
1348 2443 1425 2490 ille
1447 2444 1711 2491 orationem
1738 2443 1860 2492 fudit

449 2523 509 2569 ad
533 2522 794 2569 Dominum
810 2558 822 2580 ,
850 2521 1012 2568 dicens
1033 2536 1044 2565 t
1077 2540 1099 2563 <‹
1126 2520 1331 2566 Domine
1351 2523 1461 2567 Jesu
1480 2520 1678 2580 Christe,
1705 2522 1789 2584 qui
1810 2522 1858 2567 in

451 2602 684 2666 principio
705 2611 873 2647 cuncta
891 2599 1056 2646 mundi
1077 2598 1308 2663 elementa
1324 2599 1505 2653 creasti,
1528 2607 1574 2645 et
1590 2586 1858 2662 serpenterii
1890 2616 1894 2618 ·

449 2679 579 2724 illum
621 2678 842 2725 humanis
882 2675 1185 2740 dignitatibus
1217 2675 1443 2722 aemulum
1481 2675 1570 2722 sub
1605 2675 1859 2738 maledicto

450 2772 549 2802 esse
574 2756 778 2814 sanxisti,
805 2765 856 2801 tu
881 2752 1064 2818 depelle
1085 2752 1146 2798 ab
1167 2752 1242 2799 bis
1255 2751 1444 2799 famulis
1466 2753 1557 2810 tuis
1580 2754 1752 2800 veneni
1775 2753 1860 2809 hu-

445 2833 522 2894 jus
553 2833 751 2890 malum,
781 2842 830 2878 ut
865 2848 962 2878 non
999 2830 1164 2892 anguis
1190 2829 1249 2876 de
1285 2829 1383 2887 his,
1412 2830 1495 2877 sed
1530 2831 1580 2876 hi
1610 2830 1671 2878 de
1707 2816 1860 2894 angue
