2054 3450
489 342 564 378 322
1002 341 1130 376 VITAE
1156 340 1374 378 PATRUM.

483 429 644 476 loculo
666 437 894 492 cuperent
914 426 1162 486 collocare,
1186 428 1357 474 exstitit
1372 443 1511 494 capsa
1532 429 1773 492 prolixior,
1798 445 1886 475 nec

483 505 626 569 recipi
660 504 708 550 in
738 502 947 550 loculum
975 511 1173 566 poterat.
1207 505 1337 550 Tunc
1367 513 1624 567 prostratus
1656 505 1886 552 diaconus

480 599 591 629 cum
626 582 728 645 ipso
753 580 995 628 sacerdote
1027 596 1204 644 pronus
1234 580 1295 627 ad
1326 580 1616 640 orationem,
1655 581 1885 645 lacrymas

475 658 696 724 precibus
740 658 906 704 mixtas
955 656 1120 703 effudit
1162 655 1464 720 obtinuitque
1507 657 1664 721 petita.
1712 659 1882 705 Mirum

475 739 629 788 dictu!
656 741 720 792 ita
743 740 869 787 enim
893 739 1075 786 loculus
1103 739 1326 786 divinitus
1349 739 1678 804 amplificatus,
1704 757 1879 806 capsu-

472 817 612 883 laque
637 818 891 865 constricta
910 826 996 877 est,
1024 825 1074 863 ut
1095 817 1144 863 in
1167 833 1276 863 eum
1301 817 1634 882 spatiosissime
1657 835 1756 866 non
1782 821 1882 867 sine

470 894 782 942 admiratione
808 894 1109 957 reciperetur.
1146 896 1199 939 In
1232 892 1326 939 hoc
1359 894 1467 941 loco
1499 893 1707 941 collectis
1733 893 1882 943 tribus

471 972 737 1029 monachis,
777 971 984 1034 Domino
1020 970 1204 1017 assidue
1241 970 1492 1032 serviebat,
1543 981 1589 1017 et
1633 972 1680 1017 in
1718 972 1882 1036 primis

466 1058 597 1095 arcto
641 1049 745 1094 vitae
778 1047 962 1094 tramite
998 1046 1275 1103 incedebat,
1327 1047 1618 1110 exiguosque
1657 1046 1789 1095 cibos
1832 1058 1881 1096 et

465 1134 631 1172 tenues
650 1114 868 1189 potiones
890 1140 1082 1171 sumens
1101 1142 1111 1169 :
1135 1123 1303 1171 diebus
1321 1133 1480 1170 autem
1501 1124 1879 1187 Quadragesimae

465 1212 635 1249 sanctae
670 1200 935 1250 addebatur
979 1210 1287 1263 augmentum
1324 1199 1616 1247 abstinentiae
1658 1201 1877 1249 ciborum

465 1278 797 1325 diminutione.
827 1281 944 1324 Nam
975 1294 1082 1324 esus
1111 1276 1177 1322 illi
1206 1277 1340 1341 panis
1369 1286 1553 1323 tantum
1584 1277 1876 1326 hordeaceus

464 1365 590 1412 erat,
629 1364 675 1401 et
703 1371 851 1417 aqua,
889 1353 949 1400 de
981 1354 1190 1417 utrisque
1226 1353 1469 1400 elementis
1499 1353 1642 1402 libras
1674 1342 1876 1418 singulas

462 1450 546 1497 per
576 1432 675 1479 dies
711 1431 919 1494 singulos
945 1448 1160 1491 sumens,
1199 1431 1400 1492 rigorem
1435 1447 1546 1478 vero
1578 1431 1745 1479 hiemis
1774 1433 1875 1479 sine

462 1508 560 1556 ullo
583 1509 763 1574 pedum
783 1508 989 1570 tegmine
1012 1516 1263 1553 contentus
1279 1542 1290 1564 ‚
1318 1506 1632 1571 manibusque
1656 1525 1712 1556 ac
1737 1508 1872 1572 pedi—

459 1585 568 1644 bus,
599 1585 695 1631 sive
727 1594 773 1631 et
796 1584 939 1644 collo,
974 1583 1121 1631 ferrea
1146 1593 1311 1630 catena
1339 1584 1594 1631 revinctus.
1633 1584 1817 1632 Dehinc
1846 1602 1871 1633 a

460 1663 657 1710 fratrum
689 1660 1090 1736 contemplatione
1123 1660 1342 1707 demotus
1372 1661 1576 1708 solitarie
1603 1678 1652 1709 se
1684 1662 1873 1710 reclusit

459 1740 507 1787 in
531 1738 727 1795 cellula;
750 1754 891 1785 orans
913 1737 1116 1795 assidue,
1150 1747 1290 1800 atque
1320 1738 1369 1784 in
1390 1737 1554 1800 vigiliis
1579 1749 1625 1786 et
1645 1739 1870 1786 orationi-

458 1815 547 1864 bus
572 1816 648 1862 die
673 1823 914 1878 noctuque
939 1814 1039 1860 sine
1063 1813 1363 1877 ambiguitate
1386 1814 1664 1878 perdurans.
1693 1817 1871 1865 Confe-
1919 1843 1923 1848 ·

456 1892 590 1940 rebat
623 1893 665 1939 ei
704 1891 895 1938 devotio
928 1890 1141 1938 fidelium
1173 1890 1454 1956 plerumque
1483 1893 1751 1956 pecuniam,
1785 1894 1868 1955 sed

458 1987 555 2017 non
574 1986 680 2017 eam
695 1970 744 2015 in
765 1967 935 2015 abditis
957 1967 1142 2026 loculis,
1163 1968 1245 2015 sed
1265 1969 1315 2015 in
1338 1985 1602 2033 pauperum
1619 1971 1867 2035 marsupiis

455 2046 710 2105 condebat,
736 2044 851 2090 illud
872 2044 1110 2090 Dominici
1125 2043 1301 2107 eloquii
1323 2045 1570 2091 oraculum
1591 2063 1711 2110 saepe
1733 2064 1865 2103 com-

456 2137 726 2170 memorans
754 2137 764 2165 :
805 2139 828 2162 α
862 2119 1015 2167 Nolite
1054 2119 1368 2168 thesaurizare
1414 2120 1548 2168 vobis
1590 2122 1863 2173 thesaurum

454 2216 597 2265 super
636 2209 834 2255 terram,
880 2196 993 2259 quia
1024 2195 1106 2242 ubi
1140 2197 1279 2243 fuerit
1313 2197 1559 2245 thesaurus
1595 2209 1730 2256 tuus,
1767 2201 1863 2249 illic

452 2286 501 2323 et
525 2291 610 2323 cor
633 2285 787 2321 tuum.
825 2293 847 2316 n
889 2271 1043 2319 Dabat
1075 2273 1204 2319 enim
1240 2273 1320 2320 hic
1349 2290 1454 2337 quae
1489 2275 1750 2340 accipiebat
1772 2294 1861 2343 pro

453 2354 541 2401 Dei
583 2352 782 2409 intuitu,
825 2349 875 2396 in
906 2348 1103 2397 diversis
1143 2350 1491 2399 necessitatibus
1526 2352 1855 2416 indigentium.-

454 2429 590 2477 Unde
612 2430 787 2492 factum
809 2436 879 2473 est
901 2436 953 2473 ut
979 2427 1027 2473 in
1059 2427 1154 2473 vita
1183 2443 1268 2474 sua
1298 2427 1358 2475 de
1385 2427 1459 2475 his
1482 2430 1686 2495 amplius
1714 2447 1858 2494 quam

451 2505 682 2552 ducentos
705 2520 732 2550 a
750 2519 873 2550 nexu
890 2500 1125 2561 servitutis
1145 2501 1389 2566 debitique
1410 2519 1561 2552 onere*
1573 2504 1853 2554 sublevaret.
1901 2523 1905 2528 ‘

516 2584 563 2628 2.
601 2581 723 2626 Cum
762 2586 921 2626 autem
962 2593 1052 2624 nos
1100 2577 1149 2624 in
1201 2579 1489 2627 Turonicum
1539 2582 1851 2644 venissemus,

451 2670 660 2721 egressus
685 2666 755 2703 est
773 2655 833 2702 de
855 2653 1050 2716 cellula,
1085 2655 1304 2718 venitque
1329 2657 1389 2702 ad
1412 2644 1720 2721 inquirei'fiios
1745 2677 1850 2722 nos,

449 2734 750 2796 salutatisque
776 2747 830 2778 ac
852 2729 1131 2778 deosculatis
1160 2747 1394 2794 regressus
1420 2743 1489 2779 est
1518 2734 1713 2798 iterum„
1732 2739 1854 2799 ‚Erat

447 2813 598 2870 enim,
623 2819 676 2856 ut
695 2809 914 2867 diximus,
938 2808 1076 2856 valde
1105 2808 1379 2870 abstinens,
1403 2827 1574 2864 sanans
1606 2812 1851 2862 infirmam
