2054 3450
392 335 468 372 26ss
910 339 1036 376 VITAE
1063 340 1282 380 PATRUM.

389 438 502 484 ergo
520 439 728 485 quaerere
747 424 998 484 mundum,
1028 442 1089 473 ne
1111 443 1274 491 pereas
1296 446 1405 477 cum
1429 447 1509 489 eo;
1535 433 1619 482 sed
1638 435 1795 498 potius

390 498 509 546 vade
542 499 589 545 in
614 500 873 547 oratorium
907 501 956 548 in
992 518 1090 565 quo
1122 505 1383 552 Dominum
1418 507 1710 574 depreceris;
1750 521 1796 558 et

388 575 520 640 quod
554 575 619 622 ibi
654 577 914 639 inveneris,
948 578 1041 626 hoc
1067 579 1151 627 tibi
1178 582 1264 628 erit
1290 583 1552 631 consolatio
1583 587 1632 634 in
1659 603 1794 654 pere-

387 652 648 714 grinatione
661 663 758 701 tua.
775 673 798 699 »
815 656 1148 721 Ingressusque
1159 657 1375 706 cellulam
1391 661 1602 722 oratorii,
1615 663 1796 712 invenit

390 729 589 791 tegulam
613 729 823 793 fictilem,
851 732 899 779 in
920 749 1013 798 qua
1039 735 1226 798 signum
1249 737 1402 784 crucis
1425 737 1674 789 dominicae
1698 750 1797 791 erat

387 821 686 871 expressum;
722 824 1075 875 agnoscensque
1107 826 1282 861 munus
1305 813 1542 875 divinum,
1571 815 1798 868 intellexit

387 883 474 930 sibi
495 884 556 933 ad
586 887 748 935 omnia
766 887 1019 936 mundanae
1041 890 1355 954 persuasionis
1377 892 1679 941 incitamenta
1703 893 1798 943 hoc

386 978 487 1010 esse
512 963 876 1028 inexpugnabile
899 967 1267 1015 munimentum.

451 1040 499 1086 3.
540 1042 651 1087 Post
678 1040 778 1089 haec
807 1041 1051 1090 aedificavit
1073 1054 1262 1091 sanctus
1290 1045 1532 1093 Patroclus
1562 1056 1795 1094 monaste·

387 1115 511 1162 rium
534 1117 924 1166 Columbariense
950 1121 996 1166 in
1023 1121 1299 1168 milliaribus
1332 1123 1545 1187 quinque
1574 1140 1600 1170 a
1630 1123 1796 1172 cellula

385 1194 532 1239 eremi
568 1194 614 1240 in
649 1212 742 1259 qua
765 1195 1033 1258 habitabat,
1066 1208 1112 1244 et
1134 1200 1427 1262 congregatis
1459 1200 1705 1248 monachis
1745 1211 1796 1248 ut

384 1269 432 1315 in
447 1269 700 1318 solitudine
714 1272 863 1320 libero
882 1274 1039 1340 potius
1057 1274 1329 1338 fungeretur
1343 1275 1556 1337 arbitrio,
1574 1276 1794 1326 abbatem

384 1346 582 1395 instituit
607 1350 689 1415 qui
715 1351 840 1415 gregi
862 1351 1178 1399 monasteriali
1202 1362 1396 1416 presset.
1414 1355 1643 1402 Octavum
1666 1355 1794 1404 enim

383 1434 427 1471 et
468 1424 709 1474 decimum
745 1428 792 1475 in
827 1428 920 1476 hoc
957 1430 1103 1477 eremi
1141 1430 1249 1478 loco
1287 1431 1552 1495 expleverat
1592 1448 1790 1482 annum.

381 1504 526 1564 Tum,
558 1506 852 1568 congregatis
881 1505 1124 1566 fratribuS‚
1156 1508 1401 1557 transitum
1433 1525 1573 1558 suum
1605 1525 1795 1559 annun-

384 1578 526 1639 tians,
561 1579 680 1628 obiit
713 1581 760 1630 iu
792 1591 1032 1630 senectute
1062 1583 1216 1645 bona,
1251 1585 1496 1633 sanctitate
1528 1587 1790 1651 praecipua3

381 1657 462 1720 qui
493 1658 628 1722 aquis
655 1659 866 1721 ablutus,
899 1661 1166 1725 feretroque
1195 1663 1444 1728 impositus
1470 1663 1706 1713 ferebatur
1732 1665 1793 1713 ad

381 1738 719 1784 monasterium
738 1754 895 1798 suum,
930 1739 1012 1786 ubi
1027 1756 1076 1787 se
1089 1740 1252 1788 vivens
1265 1741 1450 1805 sepeliri
1467 1741 1788 1798 mandaverat.

380 1813 512 1859 Tunc
524 1813 901 1879 archipresbyter
914 1818 1161 1864 Nereensis
1178 1818 1283 1876 vici,
1302 1818 1497 1866 collecta
1511 1817 1792 1867 clericorum

381 1888 600 1947 cohorte,
634 1891 783 1938 voluit
812 1893 857 1938 vi
889 1893 1074 1940 auferre
1105 1895 1289 1956 glebam
1318 1896 1467 1942 sancti
1492 1896 1788 1961 corpusculi,

383 1965 597 2013 videlicet
615 1978 664 2014 ut
681 1969 742 2015 ad
765 1970 924 2016 vicum
943 1987 1083 2017 suum
1107 1972 1233 2018 unde
1257 1988 1468 2035 egressus
1491 1972 1639 2019 fuerat
1658 1989 1791 2038 sepe-

381 2043 568 2102 liretur3
605 2045 687 2092 sed
715 2062 826 2092 cum
855 2046 1139 2094 furibundus
1168 2049 1363 2095 veniens
1388 2048 1580 2096 vidisset
1601 2066 1628 2097 a
1652 2049 1792 2116 longe

381 2120 551 2183 pallam
569 2138 673 2186 quae
690 2122 873 2186 tegebat
889 2133 1015 2171 artus
1034 2135 1223 2171 sanctos
1245 2125 1416 2172 eximio
1438 2125 1596 2173 albere
1616 2126 1787 2186 nitore,

379 2197 443 2244 ita
470 2208 589 2245 nutu
614 2200 699 2247 Dei
723 2210 792 2247 est
820 2211 950 2248 metu
975 2204 1273 2267 perterritus,
1305 2213 1355 2250 ut
1384 2204 1517 2250 omni
1542 2205 1791 2252 velocitate

380 2286 620 2323 revocaret
658 2277 718 2324 ab
752 2281 913 2325 animo
946 2279 1078 2347 quod
1115 2281 1236 2328 male
1273 2291 1555 2346 conceperat
1591 2282 1791 2331 levitatis

379 2351 599 2410 arbitrio,
631 2354 1006 2420 conjunctusque
1031 2355 1281 2423 psallentio
1306 2358 1354 2405 in
1384 2359 1616 2422 exsequiis
1640 2360 1790 2408 sancti

379 2446 675 2493 progressus,
708 2431 956 2480 tumulavit
986 2450 1097 2481 eum
1129 2451 1238 2482 cum
1263 2434 1452 2499 reliquis
1482 2436 1565 2499 qui
1593 2435 1789 2485 aderant

380 2496 615 2567 fratribuS,
643 2508 690 2556 in
715 2509 819 2573 ipso
839 2509 1213 2558 Columbariensi
1241 2513 1528 2562 monasterio
1547 2531 1558 2560 ι
1577 2512 1639 2563 ad
1655 2512 1788 2576 cujus

379 2593 594 2632 sanctum
626 2585 895 2650 sepulcrum
921 2587 1177 2636 Prudentia
1208 2605 1329 2636 caeca
1359 2606 1470 2636 cum
1499 2589 1588 2636 alia
1615 2592 1785 2636 Lemo-

379 2661 530 2708 vicina
554 2661 742 2725 puella,v
769 2663 981 2710 similiter
1003 2663 1181 2711 lumine
1207 2665 1415 2724 viduata,
1441 2675 1495 2712 ut
1517 2666 1786 2730 sepulcrum

379 2748 593 2786 sanctum
627 2740 675 2786 in
714 2741 1178 2789 orationezosculatae
1211 2752 1343 2803 sunt,
1380 2742 1543 2790 lumen
1577 2744 1786 2809 recipere

379 2800 669 2889 meruerunt.
700 2817 997 2865 Maxonidius
1018 2829 1175 2866 autem
1199 2822 1314 2883 'posr
1324 2819 1547 2883 quintum
1570 2821 1784 2868 caecitatis
