2054 3450
421 341 470 380 74
782 339 849 375 DE
876 337 1061 374 GLORIA
1089 336 1458 377 CONFESSORUM.

418 427 506 473 ista
524 423 736 490 profers?
754 423 841 469 illis
857 423 938 486 qui
955 438 1006 468 ea
1024 422 1310 486 pauperibus
1329 423 1584 487 largiantur
1598 427 1818 486 attribue,

418 502 534 548 mihi
565 510 721 548 autem
754 500 854 546 haec
889 499 1148 545 necessaria
1180 515 1278 545 non
1313 511 1438 547 sunt.
1473 502 1655 550 Sufficit
1683 504 1818 564 mihi,

419 589 470 626 ut
492 595 580 642 pro
603 579 719 624 meis
738 577 938 642 peccatis
960 577 1220 622 Dominum
1242 593 1426 624 merear
1440 578 1698 643 deprecari.
1718 599 1740 625 »
1765 584 1822 628 Et

418 655 588 719 adjecit
609 673 619 700 ε
643 654 800 701 «Vade
813 664 858 700 et
878 654 1124 700 victoriam
1140 653 1394 709 obtinebis,
1415 664 1460 700 et
1473 656 1604 718 quod
1618 657 1822 704 volueris

417 749 541 796 ageS.
557 751 579 775 »
597 735 727 778 Tunc
739 748 821 778 rex
845 747 1012 777 aurum
1027 730 1312 795 pauperibus
1326 748 1542 794 erogans,
1559 734 1688 780 vovit
1712 745 1763 780 ut
1785 735 1824 781 si

416 827 526 857 eum
550 809 783 856 Dominus
803 825 912 855 cum
931 824 1014 854 sua
1032 809 1176 870 gratia
1197 807 1257 854 de
1276 809 1441 855 itinere
1460 809 1540 856 illo
1561 810 1820 872 reduceret,

416 887 465 933 in
491 885 678 932 honore
700 885 784 931 Dei
808 884 1049 931 basilicam
1073 885 1120 930 in
1155 901 1211 930 eo
1235 884 1342 931 loco
1367 884 1634 945 aedificaret,
1659 886 1708 932 in
1731 903 1825 950 qua

417 962 540 1010 senis
571 961 786 1008 membra
817 962 1127 1024 quiescerent,
1159 961 1304 1020 Quod
1334 972 1497 1026 postea
1529 962 1820 1027 adimplevit.

928 1131 1083 1166 CAPUT
1107 1131 1314 1168 LXXXIII.

824 1233 875 1266 De
893 1231 1051 1266 Maximo
1069 1231 1229 1278 Regiensi
1247 1232 1425 1280 episcopo.

481 1345 709 1392 Maximus
742 1345 1004 1408 Regiensis¹
1028 1346 1276 1410 episcopus
1301 1355 1442 1409 atque
1461 1345 1717 1404 confessor,
1745 1363 1828 1392 sae-

417 1424 523 1488 pius
559 1440 609 1470 se
647 1423 813 1469 incolis
852 1423 900 1469 in
942 1423 1100 1469 multis
1139 1422 1388 1470 virtutibus
1431 1423 1725 1483 manifestat3
1766 1423 1827 1470 ad

416 1501 550 1562 cujus
585 1500 853 1563 sepulcrum
900 1515 998 1546 non
1033 1499 1188 1546 solum
1225 1501 1334 1546 caeci
1369 1499 1711 1560 illuminantur,
1745 1501 1829 1548 sed

416 1577 558 1623 etiam
583 1586 630 1622 et
654 1575 742 1622 alia
768 1575 1050 1622 morborum
1074 1592 1245 1639 genera
1269 1576 1369 1639 ejus
1392 1576 1644 1623 virtutibus
1665 1576 1827 1641 depel-

415 1653 596 1701 luntur.
647 1656 807 1716 Nuper
842 1663 1002 1700 autem
1041 1670 1146 1717 quae
1190 1663 1318 1717 gesta
1359 1654 1563 1716 cognovi
1609 1653 1824 1700 reseram.

417 1730 649 1777 Puerulus
673 1740 773 1778 erat
795 1730 928 1794 quasi
951 1747 1190 1777 annorum
1215 1731 1376 1789 trium,
1401 1730 1560 1777 adhuc
1581 1730 1642 1777 ad
1669 1731 1831 1778 matris

415 1807 691 1872 dependens
722 1806 885 1854 ubera.
916 1808 1062 1877 Hieta
1093 1807 1223 1854 febre
1254 1817 1514 1872 correptus,
1547 1807 1663 1854 dum
1700 1808 1830 1871 geni-

416 1885 543 1931 tricis
577 1883 796 1931 manibus
826 1877 1076 1947 bajulatur,
1108 1884 1263 1930 taliter
1294 1894 1364 1930 est
1393 1884 1627 1944 addictus,
1662 1894 1714 1930 ut
1743 1901 1831 1931 nec
1867 1883 1870 1885 ’

417 1961 668 2025 papillam,
707 1977 796 2007 nec
833 1961 976 2007 alium
1013 1960 1174 2007 cibum
1213 1977 1398 2007 sumere
1439 1971 1612 2025 posset.
1650 1963 1831 2009 Interea

417 2037 533 2083 dum
560 2054 645 2101 per
676 2037 886 2084 triduum
922 2038 1121 2100 graviter
1153 2054 1309 2100 agens,
1346 2048 1614 2084 amatorum
1646 2037 1831 2101 bajula-

416 2124 546 2161 retur
563 2115 612 2159 in
636 2114 776 2174 ulnis,
803 2115 867 2161 ait
889 2115 1084 2178 quidam
1102 2132 1159 2161 ex
1181 2114 1366 2160 famulis
1388 2132 1398 2159 :
1424 2133 1444 2158 α
1466 2114 1655 2160 Utinam
1671 2115 1733 2161 ad
1755 2132 1828 2162 se-

417 2192 635 2256 pulcrum
659 2193 784 2238 beati
809 2193 996 2238 Maximi
1018 2192 1096 2239 hic
1121 2192 1344 2256 parvulus
1367 2192 1642 2238 deferretur.
1670 2192 1831 2238 Confi-

418 2268 574 2314 dimus
599 2269 727 2314 enim
750 2268 811 2314 de
834 2268 933 2331 ejus
962 2269 1154 2326 meritis,
1179 2268 1309 2330 quod
1339 2269 1488 2331 possit
1516 2284 1622 2315 eum
1646 2268 1832 2315 sanitati

417 2345 624 2409 pristinae
652 2355 930 2391 restaurare.
952 2365 974 2387 »
1003 2345 1098 2402 Qui
1129 2344 1246 2390 dum
1275 2344 1482 2391 defertur
1504 2346 1624 2391 inter
1648 2355 1829 2392 amato-

418 2437 525 2466 rum
550 2437 735 2482 manus,
760 2421 977 2485 spiritum
999 2420 1196 2467 anhelus
1219 2421 1371 2466 emisit
1399 2438 1409 2466 ε
1433 2420 1565 2483 quod
1587 2431 1832 2468 cernentes

419 2507 635 2560 parentes
668 2498 786 2560 ejus,
819 2497 983 2544 flentes
1005 2514 1060 2543 ac
1081 2498 1355 2557 clamantes,
1389 2498 1690 2562 projecerunt
1721 2514 1831 2544 eum

418 2584 528 2620 ante
557 2574 826 2638 sepulcrum
848 2574 974 2621 beati
1009 2575 1198 2621 Maximi
1225 2575 1509 2620 confessoris
1529 2612 1542 2636 ,
1567 2574 1831 2639 clausisque

420 2656 550 2701 ostiis
582 2657 874 2718 reliquerunt
905 2672 1078 2720 corpus
1107 2656 1336 2703 exanime.
1377 2659 1523 2702 Nocte
1545 2673 1658 2713 vero
1684 2658 1841 2705 iii-la«

478 2790 542 2860 (15
566 2808 686 2856 2204,
704 2811 824 2855 22⁰5,
850 2811 968 2862 2791,
989 2808 1173 2860 Regehsis.
