2054 3450
401 364 476 401 370
914 360 1042 398 VITAE
1069 358 1286 396 PATRUM.

965 504 1114 539 CAPUT
1138 503 1240 540 XIX.

845 605 898 638 De
917 603 1143 650 Monegunde
1155 604 1165 623 ¹
1187 602 1362 650 religiosa.

465 718 668 781 Insignia
689 717 961 764 divinorum
981 715 1322 763 beneficiorum
1359 714 1665 773 charismata,
1703 729 1807 777 quae

398 797 610 843 humano
641 794 799 857 generi
822 793 1004 840 coelitus
1025 802 1136 839 sunt
1159 791 1368 851 indulta,
1399 807 1487 838 nec
1517 806 1656 837 sensu
1687 805 1806 837 con-

399 873 511 937 cipi,
537 887 626 917 nec
649 870 805 917 verbis
827 869 957 916 effari
975 906 988 930 ,
1026 885 1115 915 nec
1140 868 1382 933 scripturis
1419 876 1644 931 poterunt
1676 882 1808 913 com-

399 947 656 1013 prehendi;
683 963 793 994 cum
817 947 916 1011 ipse
941 946 1153 992 Salvator
1174 944 1343 991 mundi
1374 944 1436 991 ab
1463 944 1542 991 illo
1566 943 1696 990 rudis
1727 960 1810 990 sae-

400 1025 493 1072 culi
527 1023 723 1071 exordio
755 1023 1030 1088 patriarchis
1063 1039 1112 1069 se
1134 1030 1321 1086 praestat
1359 1021 1530 1078 videri,
1569 1020 1813 1085 prophetis

402 1102 701 1159 annuntiari,
732 1100 793 1147 ad
825 1110 1088 1147 extremum
1113 1115 1299 1163 semper
1321 1098 1513 1160 virginis
1536 1098 1814 1161 intactaeque

402 1179 559 1226 Mariae
579 1177 801 1241 dignatur
823 1187 959 1224 utero
986 1176 1185 1240 suscipi,
1211 1186 1258 1222 et
1284 1186 1549 1240 praepotens
1572 1175 1815 1222 immorta-

403 1255 552 1317 lisque
586 1257 779 1301 Creator
803 1253 1012 1300 mortalis
1042 1253 1196 1299 carnis
1223 1252 1397 1316 patitur
1430 1251 1605 1298 amictu
1635 1251 1809 1308 vestiri,

406 1341 612 1378 mortem
662 1347 751 1395 pro
802 1330 1009 1376 hominis
1050 1336 1244 1393 peccaro
1295 1328 1470 1375 mortui
1518 1328 1816 1392 reparatione

404 1407 551 1466 adire,
581 1407 827 1470 victorque
853 1422 1124 1469 resurgere3
1160 1406 1243 1468 qui
1277 1420 1366 1451 nos
1394 1404 1610 1466 gravium
1639 1403 1816 1450 facino-

412 1501 519 1530 rum
542 1483 732 1548 spiculis
755 1483 1005 1540 sauciatos,
1029 1499 1083 1528 ac
1100 1482 1340 1528 latronum
1364 1479 1688 1527 insidiantium
1709 1479 1818 1526 vul-

408 1560 601 1607 neribus
636 1559 856 1618 affectOS,
882 1559 1038 1605 infuso
1061 1559 1179 1605 meri
1202 1558 1388 1621 oleique
1411 1557 1612 1621 liquore,
1641 1558 1699 1605 ad
1723 1567 1818 1606 sta-

408 1636 573 1683 bulum
614 1635 859 1682 medicinae
894 1636 1118 1696 coelestis,
1163 1635 1211 1681 id
1256 1644 1325 1681 est
1370 1635 1586 1681 Ecclesiae
1629 1644 1816 1696 sanctae,

409 1713 583 1776 dogma
606 1712 851 1777 perduxit;
888 1712 970 1776 qui
1000 1728 1088 1758 nos
1113 1712 1338 1775 exemplis
1369 1721 1640 1758 sanctorum
1666 1712 1822 1759 vivere

411 1788 676 1836 incessabili
700 1789 1027 1852 praeceptionis
1062 1805 1155 1834 suae
1189 1804 1386 1835 munere
1408 1787 1702 1848 cohortatur,
1729 1805 1824 1835 no—

412 1864 580 1927 bisque
608 1880 706 1911 non
737 1864 883 1910 modo
918 1864 1064 1923 viros,
1099 1864 1180 1910 sed
1210 1865 1351 1911 etiam
1375 1864 1530 1928 ipsum
1554 1864 1823 1912 inferiorern

413 1958 595 2000 sexum,
622 1957 719 1987 non
739 1941 941 2002 segniter
964 1940 1047 1987 sed
1067 1940 1259 1986 viriliter
1278 1940 1622 2002 agonizantem,
1648 1939 1825 2005 praebet

416 2018 714 2081 exemplu1n3
747 2018 829 2080 qui
859 2034 956 2063 non
990 2016 1144 2063 solum
1171 2017 1281 2063 viris
1310 2016 1512 2078 legitime
1534 2016 1823 2064 decertanti-

417 2093 522 2152 bus,
555 2110 720 2140 verum
757 2094 898 2139 etiam
930 2093 1114 2139 feminis
1137 2093 1184 2138 in
1215 2092 1288 2139 his
1314 2093 1483 2156 praeliis
1507 2092 1825 2140 favorabiliter

401 2169 787 2228 desudantibus,
821 2168 1002 2216 siderea
1032 2185 1175 2232 regna
1211 2169 1458 2233 participat
1484 2188 1494 2216 ε
1538 2170 1658 2216 sicut
1696 2186 1826 2216 nunc

419 2247 558 2293 beata
575 2245 905 2308 Monegundis,
933 2262 1037 2309 quae
1057 2246 1219 2292 relicto
1242 2246 1430 2308 genitali
1452 2246 1573 2306 solo,
1601 2255 1828 2311 tanquam

422 2325 583 2387 regina
599 2322 808 2387 prudens
830 2338 934 2386 quae
956 2321 1119 2368 audire
1141 2322 1417 2386 sapientiam
1439 2323 1706 2370 Salomonis
1727 2323 1828 2371 adi-

424 2401 506 2461 vit,
542 2401 606 2446 ita
635 2399 735 2446 haec
753 2398 879 2446 beati
901 2399 1088 2445 Martini
1114 2398 1380 2457 basilicam,
1410 2409 1464 2446 ut
1484 2400 1584 2463 ejus
1602 2399 1829 2448 miracula

424 2476 713 2541 quotidianis
764 2475 947 2523 indulta
1001 2476 1253 2522 momentis
1308 2475 1580 2536 miraretur,
1640 2477 1829 2541 expetiit

424 2553 725 2616 hauriretque
756 2551 817 2598 de
839 2551 970 2598 sonte
997 2550 1275 2598 sacerdotali
1297 2551 1429 2615 quod
1459 2562 1618 2617 posset
1646 2551 1828 2599 aditum

427 2630 634 2676 nemoris
657 2628 934 2694 paradisiaci
953 2626 1214 2675 recludere.

481 2770 539 2822 (1)
568 2771 689 2881 qub.)
703 2779 740 2809 et
763 2770 859 2811 Bell.
882 2771 1135 2821 Monigunde,
1166 2777 1203 2807 et
1227 2769 1326 2807 infra
1349 2771 1606 2820 Monagundis
1630 2778 1669 2808 et
1694 2772 1829 2808 Mone-

427 2831 577 2879 gundis.
622 2833 668 2868 R.
