2054 3450
400 339 412 373 1
425 339 474 374 02
763 337 829 371 DF.
857 335 1040 372 GLORIA
1073 333 1440 372 CONFESSORUM.

986 504 1142 540 CAPUT
1165 504 1207 539 C.

780 608 832 641 De
851 605 1030 654 Cypriano
1047 591 1271 640 Pet'rocorico
1287 598 1429 640 abbam-J

458 728 746 791 Cyprianus¹
788 726 936 774 abbas
980 726 1263 773 Petrocorici
1282 728 1296 750 ²
1343 724 1507 790 oppidi
1549 725 1804 788 magnificae

394 804 648 850 sanctitatis
677 804 749 849 vir
780 803 879 861 suit,
906 819 991 866 per
1017 818 1161 865 quem
1183 804 1310 848 Deus
1339 800 1485 848 multa
1509 801 1732 848 miracula
1753 802 1802 847 in

396 879 490 926 hoc
514 880 697 926 mundo
728 879 912 944 operari
935 879 1153 942 dignatus
1184 888 1267 925 est.
1295 881 1413 925 Nam
1438 894 1606 924 manus
1629 877 1806 924 debiles

396 956 665 1019 frequenter
682 956 1032 1017 redintegravit,
1049 955 1316 1019 paralyticis
1332 971 1559 1017 gressum,
1575 954 1707 1001 caecis
1728 971 1804 1001 re-

393 1033 540 1079 stituit
560 1033 715 1079 visum
735 1051 748 1091 3
776 1043 964 1096 tresque
989 1032 1203 1096 leprosos
1231 1032 1452 1078 inunctos
1470 1031 1576 1078 oleo
1601 1031 1807 1095 pristinae

396 1109 602 1156 reddidit
629 1111 832 1156 sanitati.
865 1109 958 1156 Sed
990 1119 1036 1155 et
1065 1115 1193 1155 nunc
1222 1108 1390 1155 crebro
1417 1125 1560 1172 super
1591 1107 1806 1154 infirmos

397 1185 616 1231 sanitates
650 1186 855 1233 ostendit
879 1187 913 1231 si
944 1184 1144 1232 fideliter
1173 1186 1272 1248 ejus
1300 1184 1535 1231 tumulum
1565 1193 1800 1243 expetant,

399 1273 481 1309 aut
503 1273 713 1310 exorent.

980 1376 1135 1411 CAPUT
1159 1376 1221 1413 CI.

749 1477 802 1510 De
817 1475 979 1522 Eparcho
997 1474 1263 1522 Equolesinensi
1278 1473 1449 1509 recluso⁵.

462 1593 554 1640 Sed
577 1603 624 1640 et
646 1593 705 1640 ad
723 1595 932 1659 Eparchi
958 1594 1361 1659 Equolesinensis¹⁹
1385 1591 1517 1639 urbis
1539 1591 1709 1639 reclusi
1734 1607 1807 1638 se-

401 1671 617 1735 pulcrum
646 1673 813 1736 saepius
838 1671 1011 1718 infirmi
1041 1681 1283 1720 sanantur.
1319 1674 1437 1718 Nam
1461 1679 1507 1716 et
1530 1663 1808 1732 frigoriticoss

401 1765 504 1794 rum
550 1748 701 1796 febres
738 1759 784 1796 et
821 1749 909 1796 alia
947 1749 1251 1797 incommoda
1291 1749 1390 1812 ejus
1423 1747 1600 1794 meritis
1641 1747 1807 1793 restin-

399 1836 623 1886 guuntur.
651 1829 810 1873 Caecus
838 1843 950 1873 vero
982 1827 1042 1874 de
1072 1827 1369 1873 Petrocorico
1393 1824 1646 1883 territorio,
1678 1833 1729 1870 ut
1758 1840 1807 1871 se

401 1901 649 1965 sepulturae
682 1902 804 1948 iltius
839 1903 1053 1966 projecit,
1087 1903 1188 1949 fusa
1219 1902 1451 1961 oratione,
1486 1893 1647 1946 lumen
1684 1899 1808 1946 reci—

400 1994 513 2041 pere
551 1979 740 2024 meruit.
787 1982 956 2025 Comes
991 1989 1150 2025 autem
1197 1977 1440 2024 antedictae
1481 1975 1608 2022 urbis
1649 1979 1802 2038 Equo-

402 2053 682 2111 lesinensis⁸,
721 2054 823 2101 fure
859 2056 1053 2101 invento
1092 2071 1147 2101 ac
1181 2054 1420 2119 suppliciis
1453 2051 1644 2109 dedito,
1686 2053 1808 2117 pati-

400 2130 515 2177 bulo
547 2131 856 2178 condemnari
887 2132 1122 2195 praecepit.
1154 2132 1207 2178 At
1227 2130 1304 2177 ille
1326 2147 1436 2176 cum
1464 2129 1717 2175 duceretur
1745 2130 1805 2176 ad

401 2217 631 2268 mortem,
667 2209 885 2255 invocare
909 2209 1049 2271 hujus
1075 2209 1223 2254 sancti
1251 2224 1428 2254 nomen
1453 2206 1622 2270 coepit;
1653 2215 1700 2252 et
1721 2205 1806 2253 ad-

397 2284 567 2331 ductus
590 2284 653 2331 ad
668 2285 893 2349 stipitem,
917 2285 1017 2332 fusa
1041 2285 1255 2331 oratione
1272 2300 1414 2348 super
1433 2293 1574 2343 terra,
1595 2281 1805 2348 patibulo

451 2454 509 2507 (1)
542 2457 756 2506 Ciprianus,
787 2457 904 2495 2205.

451 2515 508 2567 (⁶2)
541 2518 787 2565 Petragorici‚
809 2516 928 2554 279¹.

430 2568 504 2620 (3)
534 2572 593 2605 De
612 2568 771 2606 Ebarcio
796 2571 1084 2617 Eqaolosenensz·
1110 2567 1258 2614 abbate,
1283 2569 1411 2615 22043
1440 2568 1668 2608 [Ibam-im...
1698 2569 1803 2617 Ego-

399 2629 492 2662 lensi
513 2626 661 2673 abbate,
686 2627 809 2667 Cl.-F.

447 2685 505 2736 (4)
535 2689 822 2735 Eqaolenench,
844 2689 970 2735 22043
992 2690 1302 2737 Engolismensis‚
1324 2686 1423 2724 2791
1442 2700 1454 2734 ;
1474 2707 1526 2714 --
1539 2686 1643 2722 2205
1662 2687 1807 2734 Eparci

391 2747 672 2794 Eqaolenensi8‚
695 2754 856 2783 correct.
879 2747 1047 2794 Eparchi
1062 2748 1366 2796 Engolismensis.

443 2802 501 2854 (5)
531 2803 590 2840 Sic
609 2805 734 2851 22043
757 2825 807 2832 —
828 2805 931 2842 2205
955 2808 1236 2853 Equolenensis,
1255 2811 1416 2842 correct.
1439 2806 1746 2853 EngolismensIs.
