2054 3450
411 346 460 381 12
744 390 751 397 ..
772 347 839 381 DE
866 346 1052 383 GLORIA
1081 347 1451 387 CONFESSORUM.

410 431 571 478 sterio¹
597 431 727 494 quod
750 433 850 497 ipse
875 442 982 497 post
1009 434 1214 497 magistri
1236 433 1459 497 dogmata
1479 434 1740 493 aedificavit,
1763 435 1811 481 in

409 524 525 572 pace
546 509 743 572 quiescit
767 526 778 555 ε
802 509 863 557 ad
875 510 1007 573 cujus
1020 510 1256 557 tumulum
1276 511 1469 574 quidam
1489 528 1515 558 e
1530 511 1814 576 pagensibus

409 601 576 632 manus
613 596 879 634 contractas
916 587 1146 646 deferens,
1183 588 1339 634 retulit
1375 603 1529 635 sanas.
1570 589 1695 636 Alius
1730 590 1812 654 qui

409 662 581 708 exustis
594 662 807 709 humoris
821 662 951 710 febre
966 665 1136 725 nervis,
1154 664 1412 730 poplitibus
1426 665 1628 725 intortis,
1653 682 1811 729 gressu

408 736 637 799 caruerat,
677 749 727 786 ut
758 740 819 786 ad
860 740 1128 805 sepulcrum
1164 752 1378 788 sanctum
1425 750 1685 806 prostratus
1722 752 1809 801 est,

409 831 587 861 novum
604 816 751 863 robur
766 834 975 877 sumens,
998 818 1212 879 ariditate
1231 817 1431 873 sublata,
1458 817 1712 865 incolumis
1734 834 1811 865 re-

409 891 528 938 latus
565 903 650 952 est,
686 893 859 940 multos
890 894 955 941 ibi
979 895 1200 959 deinceps
1230 896 1436 942 serviens
1471 911 1640 941 annos.
1666 895 1814 957 Hujus

408 969 675 1033 sepulcrum
719 971 950 1017 Palladius
993 972 1265 1037 episcopus,
1309 989 1418 1018 cum
1460 988 1557 1018 non
1594 971 1813 1018 valuisset

409 1062 516 1092 cum
563 1047 745 1107 multis,
794 1049 1054 1113 opitulante
1098 1049 1334 1111 adjutorio
1377 1049 1660 1096 confessoris
1702 1064 1811 1094 cum

409 1123 618 1186 quinque
640 1123 888 1171 abbatibus
912 1125 1076 1185 movit,
1102 1126 1465 1191 composuitque
1487 1143 1584 1190 quo
1611 1125 1776 1172 voluit.

956 1296 1110 1331 CAPUT
1135 1296 1269 1332 LVIII.

761 1396 810 1428 De
827 1395 975 1430 Bibiano
992 1394 1149 1442 ejusdem
1166 1395 1264 1430 urbis
1281 1395 1461 1442 episcopo.

472 1511 754 1559 Suburbano
791 1529 981 1576 quoque
1022 1513 1150 1560 urbis
1184 1514 1324 1577 hujus
1362 1513 1583 1560 Bibianus
1620 1513 1810 1560 antistes

408 1589 629 1652 quiescit*
653 1607 663 1635 :
693 1589 825 1652 cujus
844 1590 1068 1636 virtutum
1099 1590 1245 1637 moles
1265 1590 1383 1637 liber
1407 1591 1488 1654 qui
1507 1594 1606 1654 Jam
1631 1590 1690 1636 de
1712 1590 1812 1653 ejus

411 1665 510 1712 Vita
538 1666 738 1730 scriptus
761 1676 947 1712 tenetur
968 1677 1154 1714 enarrat
1179 1686 1191 1713 :
1226 1684 1352 1714 nunc
1380 1677 1537 1713 autem
1572 1677 1811 1725 exoratus,

407 1743 574 1790 crebro
598 1742 929 1804 languentibus
961 1744 1124 1790 tribuit
1146 1746 1438 1808 sospitatem.
1468 1743 1604 1790 Unde
1631 1743 1816 1790 videtur

410 1831 458 1866 ut
472 1819 532 1866 de
552 1820 690 1866 tantis
709 1820 944 1866 miraculis
966 1821 1037 1867 vel
1056 1837 1204 1867 unum
1226 1821 1309 1868 fari
1329 1837 1627 1885 praesumam.
1648 1820 1815 1866 Mulier

407 1897 533 1942 enim
575 1896 709 1959 cujus
743 1913 910 1943 manus
940 1908 1175 1955 aruerant,
1213 1895 1543 1961 unguibusque
1570 1897 1669 1960 Jam
1708 1913 1814 1943 sau-

408 1977 552 2029 ciatae,
582 1975 836 2021 contractis
870 1975 1040 2031 nervis,
1077 1992 1198 2039 opus
1226 1975 1455 2039 operandi
1488 1973 1809 2039 perdiderant,
1879 2040 1881 2043 .

408 2051 467 2098 ad
490 2051 615 2097 beati
637 2051 903 2115 sepulcrum
928 2050 1098 2098 devota
1117 2052 1444 2116 prosternitur,
1473 2050 1686 2114 factaque
1705 2066 1814 2096 ora-

409 2127 554 2181 tione,
584 2145 748 2174 manus
772 2127 1125 2190 redintegrataS‚
1152 2129 1314 2175 laxatis
1344 2128 1596 2191 digitorum
1625 2126 1727 2182 filis,
1755 2126 1814 2173 ad

408 2203 611 2266 agendas
630 2204 833 2250 Domino
859 2205 1028 2267 gratias
1053 2205 1224 2251 meruit
1247 2204 1444 2251 elevare.

462 2392 476 2443 (
487 2392 518 2444 Ι)
543 2393 776 2444 Saliginense
794 2395 960 2445 appellat
977 2393 1145 2433 Cointius
1161 2394 1207 2432 ad
1224 2407 1288 2434 an.
1316 2395 1406 2431 752.
1426 2395 1506 2440 (R.)

461 2456 514 2498 (⁶2)
543 2453 667 2490 Sancti
693 2453 861 2502 Bibiani‚
892 2467 959 2492 seu
984 2452 1133 2492 Vibiani
1161 2462 1226 2491 aut
1250 2452 1401 2491 Viviani
1430 2452 1563 2490 festum
1590 2451 1730 2489 colitur
1757 2451 1818 2490 die

409 2513 458 2548 28
475 2511 573 2558 julii.
589 2513 645 2550 Cf.
658 2515 922 2555 Fortunatam,
940 2513 1007 2552 lib.
1022 2517 1054 2560 1,
1068 2512 1267 2561 carm.12,
1285 2521 1322 2550 et
1340 2511 1538 2564 epistolam
1553 2510 1602 2548 ad
1616 2509 1814 2549 Bibianum

408 2571 524 2621 episc.
541 2573 811 2610 Santonensem
829 2573 931 2623 apud
952 2571 1146 2610 Mabillon.
1167 2572 1207 2610 in
1227 2571 1394 2623 append.
1415 2569 1464 2608 ad
1479 2570 1626 2621 Liturg.
1649 2569 1816 2607 Gallica-

408 2641 512 2667 nam.
538 2629 620 2682 (R.)
