2054 3450
404 337 480 376 186
717 370 727 378 ,
919 336 1046 372 VITAE
1071 316 1289 375 mmm.

403 432 472 470 est
493 422 727 487 praelatus,
751 432 801 469 ut
823 421 1080 469 decedente
1098 422 1267 470 abbate
1284 424 1384 488 ipse
1399 426 1683 475 succederet.
1711 429 1805 486 Qui

404 499 548 545 fertur
578 499 736 545 aestivo
765 508 1005 564 tempore,
1038 516 1151 546 cum
1179 499 1321 547 ardor
1342 500 1454 548 solis
1474 503 1521 551 vi
1542 503 1711 551 caloris
1733 505 1805 551 sui

401 585 574 623 cuncta
595 586 889 623 consumeret
908 613 921 636 ,
946 585 993 622 et
1023 577 1168 623 etiam
1189 593 1392 640 corpora
1415 594 1520 641 quae
1540 579 1805 629 robustiora
1866 580 1868 582 ’

401 661 516 716 potu
538 651 741 717 ciboque
765 662 922 713 erant,
959 652 1020 699 ab
1049 662 1162 700 aestu
1186 653 1488 717 defatigaret;
1512 655 1591 702 hic
1616 657 1804 720 jejuniis

402 738 508 793 post
522 729 760 793 perditum
775 745 967 775 omnem
983 728 1043 776 ab
1057 746 1140 776 ore
1157 729 1427 786 humorem,
1451 730 1596 778 salem
1611 742 1806 782 aestuans

401 805 693 865 ruminabat,
720 822 775 852 ex
808 822 905 869 quo
936 806 1109 853 iterum
1142 815 1384 871 assumpto
1413 806 1600 872 liquore
1622 801 1806 858 arentes

400 883 620 946 gengivas
638 899 894 947 parumper
916 882 1141 930 inficeret.
1171 886 1287 941 Quae
1307 899 1404 944 res,
1435 900 1710 949 quanquam
1729 902 1808 951 pa-

399 959 549 1006 latum
574 959 761 1006 aridum
791 959 1110 1017 humectaret,
1141 970 1301 1008 tamen
1332 961 1486 1024 majus
1515 971 1808 1010 tormentum

401 1035 561 1083 addita
585 1037 800 1101 corporis
824 1037 900 1083 siti
922 1037 1190 1101 praestabat.
1219 1037 1295 1084 Sal
1317 1038 1446 1085 enim
1460 1071 1475 1096 ,
1505 1047 1560 1085 ut
1589 1038 1708 1086 nulli
1730 1055 1810 1086 oc-

400 1112 589 1174 culitur,
615 1114 763 1178 magis
780 1113 1002 1161 ardorem
1020 1114 1117 1161 sitis
1138 1115 1346 1162 concitat
1370 1131 1514 1179 quam
1532 1117 1804 1180 exstinguit,

400 1188 484 1236 sed
507 1189 606 1249 hic,
636 1190 869 1237 tribuente
890 1191 1119 1250 Domino,
1145 1190 1393 1238 arcebatur
1413 1191 1475 1238 ab
1498 1207 1576 1238 eo.

466 1266 512 1311 2.
551 1264 633 1310 His
650 1263 817 1312 diebus
837 1263 1156 1312 Theodericus
1177 1266 1411 1328 ingressus
1432 1267 1697 1313 Arvernum
1719 1277 1809 1314 ter-

402 1341 585 1387 minum
603 1378 615 1399 ,
667 1341 829 1388 omnia
877 1341 1219 1389 exterminabat
1234 1379 1247 1403 ,
1304 1352 1475 1390 cuncta
1513 1343 1803 1391 devastabat.

399 1419 614 1481 Cumque
650 1418 699 1464 in
735 1417 1042 1466 Arthonensis
1079 1419 1168 1466 vici
1200 1419 1345 1483 pratis
1379 1429 1531 1467 castra
1562 1429 1804 1482 metasset,

402 1494 667 1541 antedictus
697 1510 837 1541 senex
872 1494 930 1542 ad
968 1511 1220 1541 occursum
1254 1494 1355 1557 ejus
1389 1505 1639 1560 properat,
1675 1497 1809 1560 quasi

401 1588 490 1635 pro
512 1571 691 1635 populo
710 1581 959 1634 rogaturus
982 1590 993 1618 ε
1014 1573 1343 1635 ingressusque
1358 1581 1510 1619 castra
1524 1588 1681 1634 mane,
1701 1589 1810 1637 rege

402 1647 560 1695 adhuc
594 1648 641 1695 in
676 1648 886 1695 tentoriis
915 1647 1205 1708 dormiente,
1240 1647 1462 1712 sigivaldi
1491 1648 1806 1713 papilionem,

402 1724 483 1788 qui
506 1733 619 1771 tunc
643 1724 824 1788 primus
846 1741 957 1771 cum
980 1742 1037 1772 eo
1066 1724 1334 1772 habebatur
1363 1740 1604 1788 aggressus
1631 1735 1701 1772 est
1727 1745 1739 1772 ε
1765 1735 1812 1773 et

402 1801 519 1847 dum
556 1800 616 1847 de
651 1800 740 1849 hac
769 1802 1037 1866 captivitate
1066 1802 1391 1866 conqueritur,
1430 1802 1693 1867 Sigivaldus
1729 1812 1806 1861 ut,

403 1878 574 1925 ablutis
595 1894 719 1942 aqua
738 1879 976 1936 manibus,
1002 1895 1188 1926 merum
1209 1878 1482 1941 dignaretur
1499 1879 1711 1944 accipere
1733 1879 1812 1927 de-

402 1965 638 2020 precatur,
656 1954 817 2001 dicens
836 1973 847 2001 ι
874 1958 1122 2018 «Magnum
1138 1955 1255 2001 mihi
1277 1955 1422 2002 hodie
1440 1955 1667 2019 gaudium
1685 1972 1812 2003 com-

404 2031 699 2095 modumque
722 2030 882 2079 divina
899 2033 1047 2097 pietas
1065 2041 1274 2097 praestat,
1302 2033 1341 2079 si
1366 2032 1487 2079 infra
1508 2032 1698 2079 tentorii
1717 2033 1811 2079 mei

404 2117 551 2172 septa,
568 2107 690 2155 sacta
703 2109 934 2167 oratione,
951 2118 1118 2173 potum
1130 2108 1339 2172 dignaris
1350 2109 1582 2174 accipere.
1595 2127 1619 2153 n
1634 2108 1808 2156 Audie-

406 2194 477 2232 rat
508 2185 637 2231 enim
672 2184 845 2231 famam
867 2186 1123 2234 sanctitatis
1144 2185 1270 2248 ejus,
1294 2185 1473 2233 idcirco
1502 2195 1549 2233 et
1573 2185 1811 2232 honorem

405 2263 446 2308 ei
475 2277 566 2325 pro
591 2262 679 2308 Dei
709 2263 972 2310 reverentia
1001 2262 1324 2328 impendebat.
1352 2261 1496 2320 Quod
1517 2262 1594 2309 ille
1617 2261 1812 2310 diversis

404 2338 561 2385 modis
582 2355 826 2399 excusans,
852 2340 1087 2387 asserebat
1110 2340 1205 2387 hoc
1228 2356 1328 2386 non
1350 2356 1488 2405 posse
1509 2339 1611 2387 fieri
1633 2358 1644 2387 ε
1667 2341 1807 2402 Quia,

405 2416 586 2479 inquit,
616 2432 704 2463 nec
733 2415 855 2464 hora
878 2416 1037 2464 debita
1059 2427 1207 2477 esset,
1238 2433 1327 2464 nec
1353 2418 1451 2480 regi
1470 2417 1667 2481 dignum
1693 2433 1811 2482 prae-

404 2492 582 2540 buisset
609 2509 857 2540 occursum
872 2531 882 2551 ,
909 2503 982 2555 et,
1013 2494 1144 2558 quod
1163 2494 1237 2541 his
1260 2495 1484 2542 omnibus
1504 2495 1663 2560 potius
1685 2504 1807 2555 erat,

406 2570 612 2617 necdum
656 2570 814 2618 adhuc
854 2572 1062 2618 Domino
1096 2571 1389 2636 psalmorum
1430 2571 1811 2619 decantationem

405 2645 613 2693 debitam
648 2647 931 2694 exsolvisset.
971 2647 1059 2694 Sed
1095 2647 1169 2695 his
1207 2649 1421 2713 sepositis
1451 2648 1497 2693 vi
1530 2663 1641 2694 eum
1675 2664 1809 2695 com-

406 2723 542 2787 pulit,
562 2722 850 2787 allatumque
868 2723 1112 2772 vasculum
1129 2741 1225 2789 quo
1244 2725 1376 2790 potio
1392 2724 1656 2783 tenebatur,
1678 2734 1812 2789 rogat

409 2808 461 2846 ut
498 2815 608 2849 eum
646 2810 834 2848 sanctus
870 2801 1090 2865 imposita
1129 2802 1256 2866 prius
1298 2817 1440 2848 manu
1479 2799 1805 2849 sanctificaret.
