2054 3450
362 335 410 369 72
722 333 788 367 DE
815 331 1002 368 GLORIA
1032 331 1401 369 CONFESSORUM.

361 419 526 482 glutire
558 435 654 464 non
688 417 855 464 sinit.»
885 418 975 464 Sed
1015 418 1062 463 in
1097 418 1331 464 Trinitatis
1359 419 1554 466 nomine
1583 420 1766 482 signum

360 497 509 543 crucis
526 495 796 559 imponens,
819 494 1028 541 infirmas
1046 495 1200 542 fauces
1222 511 1250 542 a
1275 495 1522 543 doloribus
1543 508 1590 544 et
1610 507 1768 544 tumo-

362 573 489 619 ribus
511 571 757 620 liberabat.
786 572 1109 630 Quartanariis
1136 589 1250 618 vero
1278 582 1372 619 tam
1397 590 1599 637 praesens
1620 574 1767 621 bene-

361 648 521 696 ficium
560 659 684 709 erat,
724 659 774 695 ut
818 665 989 713 aquam
1030 658 1215 695 tantum
1257 649 1553 697 benedictam
1597 651 1659 697 ad
1695 650 1768 697 bi-

361 726 569 773 bendum
614 726 855 784 tribuens,
904 727 1132 773 continuo
1176 743 1257 774 eos
1301 726 1522 774 redderet
1562 729 1764 775 sanitati.

362 803 605 851 Habebam
637 804 792 850 clerici
817 805 918 866 ejus
946 803 1043 850 duo
1073 820 1182 851 vasa
1210 820 1354 868 apum
1382 822 1391 850 :
1421 820 1625 868 cumque
1649 822 1770 852 unus

359 898 414 927 ex
451 881 617 927 vicinis
653 882 752 944 ejus
793 881 1012 944 quartani
1048 881 1146 945 typi
1187 891 1433 928 vexaretur
1470 881 1668 939 ardore,
1709 881 1770 928 ad

359 974 468 1003 eum
490 958 684 1004 veniens
712 958 897 1004 solitam
920 956 980 1004 ab
1004 957 1174 1004 eodem
1203 958 1438 1022 accipiens
1467 957 1767 1018 medicinam,

358 1051 499 1082 sanus
531 1045 598 1081 est
635 1035 872 1095 redditus;
908 1045 952 1081 et
987 1034 1141 1081 redire
1174 1034 1374 1081 domum
1405 1036 1625 1099 cupiens,
1664 1051 1771 1082 vasa

361 1112 435 1159 illa
471 1113 655 1158 eminus
689 1112 837 1158 cernit
874 1112 919 1157 in
955 1111 1141 1158 arbore.
1194 1111 1522 1159 inflammante
1556 1112 1772 1176 protinus

358 1187 630 1252 cupiditate,
664 1204 766 1251 quae
795 1186 926 1234 radix
960 1188 1176 1233 omnium
1203 1188 1435 1235 malorum
1466 1204 1565 1234 esse
1587 1188 1771 1234 descri-

359 1265 510 1323 bitur,
549 1265 724 1326 cogitat
760 1281 815 1311 ea
858 1264 1016 1310 furtim
1057 1263 1257 1311 auferre.
1303 1267 1594 1328 Inventoque
1632 1265 1771 1311 simili

360 1342 447 1388 sibi
476 1341 686 1399 satellite,
721 1352 861 1388 nocte
896 1342 1116 1388 arborem
1154 1341 1280 1388 illam
1312 1342 1445 1405 petit.
1479 1344 1694 1405 Cumque
1724 1342 1770 1387 in

360 1435 464 1465 eam
491 1418 798 1478 ascendisset,
836 1429 888 1465 ut
917 1419 1045 1465 socio
1078 1419 1321 1482 porrigens
1351 1434 1461 1466 vasa
1491 1418 1769 1483 deponeret,

360 1511 469 1542 ecce
493 1495 554 1542 ab
575 1495 665 1541 alia
689 1505 819 1559 parte
841 1512 979 1542 senex
1008 1494 1215 1542 advenit.
1242 1498 1352 1552 Quo
1378 1496 1478 1542 viso
1506 1495 1583 1542 ille
1605 1496 1686 1558 qui
1711 1496 1772 1542 ad

363 1581 533 1618 terram
563 1582 685 1625 erat,
720 1571 875 1636 sugam
906 1572 1043 1635 petit,
1070 1588 1158 1617 nec
1185 1572 1315 1618 socio
1347 1572 1460 1635 quid
1485 1582 1670 1619 caveret
1692 1589 1773 1619 ex-

361 1647 536 1710 posuit.
575 1649 724 1694 Senex
757 1656 870 1694 vero
903 1647 990 1693 sub
1030 1647 1200 1694 arbore
1234 1649 1385 1706 stetit,
1428 1659 1474 1695 et
1505 1665 1585 1695 vas
1622 1666 1773 1696 unum

361 1724 491 1786 quod
516 1724 588 1770 sur
609 1725 832 1788 porrexit,
858 1734 1023 1771 mutuo
1047 1726 1254 1788 accepit:
1283 1741 1488 1789 cumque
1509 1735 1555 1772 et
1576 1726 1774 1773 alterum

362 1800 500 1847 vellet
519 1801 717 1855 auferre,
739 1801 802 1848 ait
817 1801 1036 1847 sacerdos
1059 1819 1068 1846 :
1091 1821 1112 1845 α
1130 1800 1338 1848 Sufficiat
1354 1819 1499 1860 nunc,
1522 1802 1601 1862 fili,
1620 1804 1771 1864 istud;

362 1877 560 1924 alterum
577 1894 689 1924 vero
709 1878 751 1923 ei
775 1879 855 1941 qui
878 1879 1033 1942 ipsum
1058 1878 1289 1924 laboravit
1308 1895 1508 1925 reserva.
1529 1900 1551 1922 »
1574 1882 1677 1936 Qua
1698 1880 1775 1926 ille

362 1970 479 2001 voce
502 1955 799 2018 perterritus,
829 1971 878 2001 se
900 1954 1123 2001 deorsum
1142 1954 1302 2017 jactat.
1331 1957 1382 2000 At
1404 1955 1480 2002 ille
1509 1955 1774 2020 apprehen-

363 2047 467 2076 sum
486 2047 595 2077 eum
611 2031 671 2078 ad
695 2031 911 2077 cellulam
928 2030 1187 2091 deducens,
1205 2032 1270 2078 ait
1291 2050 1300 2077 :
1327 2051 1349 2076 «
1366 2033 1477 2086 Cur,
1498 2032 1670 2095 inquit,
1688 2032 1770 2092 fili,

363 2107 555 2154 diabolo
588 2108 879 2171 praecedente
902 2117 949 2153 tu
982 2107 1226 2171 sequeris?
1252 2111 1421 2154 Nonne
1451 2109 1672 2155 hesterno
1698 2109 1775 2156 die

363 2186 424 2232 ad
455 2202 529 2231 me
559 2186 769 2244 veniens,
795 2185 1177 2232 benedictionem
1205 2186 1394 2232 Domini
1427 2187 1681 2251 accepisti?
1706 2189 1771 2247 Si,

363 2262 540 2325 inquit,
577 2279 630 2308 ex
664 2262 801 2308 melle
832 2261 1138 2308 delectabaris
1159 2297 1170 2318 ‚
1203 2279 1230 2309 a
1265 2280 1340 2308 me
1374 2264 1582 2326 petiisses
1610 2274 1655 2310 et
1686 2281 1774 2327 ego

363 2339 462 2385 sine
486 2338 583 2385 ullo
607 2339 896 2403 improperio
927 2349 972 2385 et
997 2348 1081 2385 tuo
1103 2339 1463 2403 impedimento,
1491 2350 1543 2386 ut
1566 2340 1650 2386 tibi
1674 2340 1773 2386 sue-

364 2425 434 2461 rat
461 2416 618 2479 copia,
644 2415 926 2462 tribuissem.
950 2434 971 2458 »
992 2418 1122 2461 Tunc
1145 2427 1191 2461 et
1209 2415 1310 2462 aliis
1333 2416 1490 2462 multis
1512 2415 1668 2462 verbis
1696 2433 1770 2463 ar-

364 2508 510 2552 guens
546 2509 673 2552 eum,
710 2492 866 2538 favum
902 2492 945 2538 ei
978 2491 1127 2542 mellis
1161 2493 1349 2556 largitus
1376 2503 1471 2550 est,
1500 2502 1546 2539 et
1579 2492 1773 2540 illaesum

364 2567 494 2613 abire
525 2569 752 2632 permisit,
779 2568 975 2615 dicens:
1012 2570 1176 2615 «Cave
1200 2585 1259 2615 ne
1288 2569 1410 2616 ultra
1434 2580 1632 2633 repetas,
1660 2571 1773 2633 quia

366 2644 545 2690 furtum
579 2648 759 2692 Satanae
791 2647 990 2709 pecunia
1024 2656 1110 2692 est
1130 2664 1153 2689 »
1196 2643 1271 2693 Ad
1300 2637 1429 2692 hunc
1460 2648 1572 2709 ergo
1610 2662 1772 2692 senem

364 2719 728 2766 Childebertus
717 2739 764 2767 m
796 2722 1068 2786 Hispaniam
1102 2722 1279 2782 abiens,
1308 2723 1464 2781 venit;
1498 2739 1702 2786 cumque
1729 2724 1772 2770 ei

365 2798 704 2860 quinquaginta
721 2815 888 2846 aureos
905 2796 1164 2856 obtulisset,
1185 2800 1248 2846 ait
1271 2789 1411 2846 senex
1430 2818 1439 2845 :
1471 2820 1493 2844 «
1509 2792 1771 2857 Quid-mihi
