2054 3450
421 368 496 405 3114
936 365 1064 401 VITAE
1092 364 1289 400 PATRUM
1297 391 1305 400 .

418 455 546 519 piam
566 453 625 499 de
648 453 720 499 his
744 469 846 516 quae
867 468 949 516 per
968 451 1100 497 illum
1118 452 1243 496 Deus
1269 460 1490 514 operatus
1513 461 1580 498 est
1604 451 1821 516 explana-

419 540 506 589 ret,
529 547 626 576 non
642 529 879 576 cothurno
897 528 1131 592 jactantiae.
1150 527 1456 586 tumescebat,
1473 526 1554 574 sed
1565 543 1820 593 compunc-

419 617 494 653 tus
525 606 668 653 corde
696 622 804 653 cum
831 604 1045 669 lacrymis
1073 603 1228 651 aiebat
1259 621 1269 649 z
1302 624 1323 646 (ι
1346 603 1454 650 ldeo
1489 603 1571 649 tibi
1602 601 1728 660 haec,
1755 602 1819 648 fili

418 682 707 741 charissime,
734 681 940 746 pandere
958 680 1137 735 videor,
1163 689 1213 726 ut
1232 689 1278 725 et
1297 689 1348 725 tu
1374 695 1485 725 cum
1502 694 1686 726 summa
1711 694 1822 725 con-

418 775 609 806 versans
634 759 903 804 innocentia
921 757 1077 804 cordis
1099 756 1267 803 similia
1287 754 1540 802 mediteris.
1565 758 1669 801 Non
1696 755 1824 802 enim

419 835 481 882 ad
502 835 682 882 excelsa
709 835 933 881 virtutum
963 834 1046 879 Dei
1068 831 1357 879 contendere
1385 834 1490 896 quis
1516 831 1704 896 poterit,
1736 829 1824 876 nisi

419 911 558 957 fuerit
584 931 605 953 «
635 913 867 956 Innocens
898 909 1116 956 manibus
1151 917 1198 955 et
1225 907 1407 954 mundo
1438 907 1612 966 corde,
1650 927 1671 949 »
1708 906 1827 952 sicut

419 1004 573 1035 canna
598 987 808 1035 Davidici
831 987 1053 1034 carminis
1078 987 1254 1033 canit.»
1284 989 1387 1032 Haec
1409 1002 1521 1050 ergo
1545 985 1604 1032 de
1630 1001 1687 1032 eo
1713 1001 1825 1049 prae-

421 1064 559 1125 satuS,
584 1065 757 1111 relator
779 1080 972 1110 exorsus
992 1073 1077 1109 est.

490 1143 535 1186 4.
566 1143 709 1204 Igitur
733 1150 921 1188 sanctus
951 1140 1152 1187 Nicetius
1180 1140 1432 1204 episcopus
1467 1138 1527 1186 ab
1563 1139 1666 1202 ipso
1699 1146 1830 1184 ortus

422 1219 493 1264 sui
519 1229 731 1283 tempore
765 1217 961 1264 clericus
989 1216 1255 1279 designatus
1286 1226 1370 1262 est.
1403 1219 1520 1262 Nam
1552 1231 1661 1261 cum
1692 1224 1830 1279 partu

424 1295 581 1341 fuisset
608 1294 804 1354 effusus,
842 1310 985 1340 omne
1019 1303 1161 1358 caput
1188 1293 1313 1356 ejuS,
1353 1302 1405 1338 ut
1439 1302 1507 1338 est
1532 1291 1829 1339 consuetudo

422 1372 715 1418 nascentium
742 1371 974 1417 infantum
991 1406 1001 1426 ‚
1030 1385 1057 1416 a
1083 1369 1262 1434 capillis
1298 1369 1479 1415 nudum
1515 1368 1825 1415 cernebatur:

422 1448 471 1494 in
499 1449 699 1494 circuitu
723 1463 836 1493 vero
870 1446 1170 1492 modicorum
1198 1446 1403 1510 pilorum
1437 1445 1556 1491 ordo
1593 1444 1827 1508 apparuit,

424 1534 476 1571 ut
499 1534 687 1588 putares
708 1523 767 1570 ab
793 1523 971 1569 eisdem
994 1538 1221 1569 coronam
1241 1521 1397 1568 clerici
1423 1521 1559 1568 fuisse
1583 1521 1826 1583 signatam.

426 1600 605 1646 Exinde
638 1617 664 1646 a
703 1599 1053 1646 studiosissimis
1089 1599 1317 1645 enutritus
1343 1598 1633 1663 parentibus,
1669 1597 1832 1644 litteris

426 1677 682 1732 institutus,
710 1675 870 1723 abbati
900 1675 1087 1722 cuidam
1123 1676 1170 1722 in
1205 1676 1490 1723 monasterio
1524 1674 1832 1722 commenda·

427 1763 503 1800 tur
534 1771 543 1799 :
587 1754 633 1799 in
676 1770 773 1817 quo
806 1753 911 1800 loco
944 1754 1006 1799 ita
1047 1770 1096 1800 se
1136 1753 1361 1799 devotum
1398 1757 1500 1800 Deo
1537 1751 1748 1799 exhibuit
1783 1762 1833 1799 ut

428 1831 656 1893 migrante
681 1829 852 1876 abbate
880 1830 978 1894 ipse
1009 1830 1297 1876 succederet.
1330 1833 1431 1876 Jam
1459 1846 1570 1876 vero
1594 1838 1834 1893 assumpto

427 1904 611 1953 abbatis
636 1905 811 1964 officio,
846 1916 1027 1952 tantum
1051 1923 1100 1953 se
1125 1906 1360 1970 talemque
1387 1907 1446 1952 acl
1478 1905 1835 1953 instructionem

428 1991 569 2044 atque
602 1983 938 2029 districtionem
980 1983 1173 2030 fratrum
1215 1983 1442 2040 exhibuit,
1485 1993 1534 2029 ut
1564 1999 1660 2028 non
1690 1982 1834 2028 modo

427 2074 581 2120 agere,
608 2075 770 2104 verum
795 2060 932 2105 etiam
961 2059 1073 2106 nulli
1101 2059 1260 2106 liceret
1285 2059 1463 2122 aliquid
1486 2059 1555 2105 vel
1577 2059 1708 2122 loqui
1729 2075 1835 2122 per-

430 2151 576 2194 verse,
607 2134 768 2181 dicens
795 2153 805 2181 ε
839 2136 1097 2183 «Cavenda
1120 2146 1188 2182 est
1211 2137 1491 2196 scurrilitas,
1518 2135 1831 2194 dilectissimi,

429 2221 475 2258 et
497 2227 640 2258 omne
666 2211 862 2258 verbum
887 2212 1117 2273 otiosum,
1146 2224 1197 2259 ut
1223 2214 1342 2259 sicut
1364 2229 1537 2277 corpus
1571 2229 1716 2258 omne
1745 2228 1834 2276 pu-

430 2304 538 2334 rum
560 2287 782 2334 exhibere
808 2288 1033 2335 debemus
1071 2291 1199 2349 Deo,
1239 2290 1300 2335 ita
1336 2290 1474 2335 etiam
1502 2298 1547 2334 et
1573 2305 1626 2334 os
1654 2305 1750 2334 non
1775 2288 1832 2335 ad

431 2365 559 2412 aliud
583 2365 782 2429 aperire,
817 2366 905 2412 nisi
936 2365 995 2412 ad
1018 2365 1207 2413 laudem
1235 2367 1334 2412 Dei.
1372 2367 1493 2424 Quia
1530 2367 1615 2412 tria
1653 2375 1763 2412 sunt
1787 2367 1833 2412 in

430 2440 603 2503 quibus
626 2458 771 2505 genus
795 2441 1018 2488 dilabitur
1046 2442 1309 2490 humanum
1333 2460 1342 2488 ε
1371 2452 1450 2489 aut
1477 2443 1605 2489 enim
1636 2443 1833 2505 cogitat,

429 2527 510 2564 aut
534 2517 759 2582 loquitur,
784 2529 863 2565 aut
887 2520 996 2582 agit.
1026 2522 1148 2582 Ergo
1176 2536 1282 2579 vos,
1311 2519 1624 2579 dilectissimi,
1649 2528 1837 2583 oportet

430 2593 575 2641 vitare
615 2595 968 2656 scurrilitatem,
1004 2596 1229 2643 malitiam
1266 2607 1311 2643 et
1352 2613 1495 2643 omne
1533 2613 1654 2661 opus
1691 2596 1838 2659 pessi-

432 2685 579 2716 mum.
611 2690 633 2714 »
661 2671 801 2718 Multa
826 2682 872 2718 et
895 2673 979 2719 alia
1004 2672 1341 2720 exhortabatur
1374 2674 1553 2731 fratres,
1580 2682 1632 2718 ut
1658 2689 1740 2718 eos
1765 2672 1837 2718 di-

431 2761 546 2806 gnos
570 2747 778 2792 Domino
804 2747 1044 2794 exhiberet
1066 2765 1120 2794 ac
1141 2748 1359 2795 mundos¹
1391 2747 1716 2795 Vener-abatur
1748 2764 1836 2794 au-

432 2830 525 2867 tem
546 2838 656 2868 eum
679 2832 722 2868 et
749 2840 829 2870 rex
851 2825 1168 2872 Theodericus
1189 2842 1360 2889 magno
1385 2825 1588 2885 honore,
1620 2841 1679 2871 eo
1705 2824 1834 2888 quod
