2054 3450
379 317 394 352 1
405 316 454 352 90
716 361 726 369 .
889 315 1019 351 VITAE
1044 316 1265 355 PATRUM.

375 402 623 448 lectissime
661 401 820 460 frater,
847 401 1027 448 insidiis
1051 401 1228 450 diaboli
1250 405 1462 453 resistere
1495 407 1707 465 viriliter,
1737 417 1784 454 et

376 476 494 522 nihil
529 476 590 524 de
624 476 746 523 illius
781 476 1031 524 dolositate
1056 494 1330 542 pavescere,
1366 481 1449 528 sed
1482 484 1643 531 omnia
1680 500 1804 548 quae-

376 553 584 599 intulerit
616 554 831 600 oratione
864 554 1076 614 assidua,
1117 571 1172 602 ac
1207 555 1340 618 signo
1374 559 1526 605 crucis
1558 576 1584 606 e
1618 570 1784 607 contra

376 630 598 694 opposito
623 631 864 693 evincere,
901 632 1014 694 quia
1043 631 1215 678 talibus
1237 649 1426 697 semper
1447 636 1785 683 tentationibus

375 723 536 753 servos
556 707 643 754 Dei
663 708 827 755 nititur
845 724 1131 773 expugnare.
1157 730 1179 752 ³>
1206 710 1371 757 Senuit
1397 720 1555 758 autem
1575 712 1648 759 vir
1667 713 1783 760 bea·

376 793 467 842 tus,
491 793 539 830 et
569 784 763 848 impleto
795 784 912 831 boni
937 786 1093 849 operis
1118 802 1278 848 cursu,
1302 787 1518 850 migravit
1542 787 1605 835 ad
1622 790 1785 836 Domi-

377 877 511 918 num,
541 861 675 924 cujus
705 878 834 908 nunc
865 862 1076 910 tumulus
1105 864 1273 927 saepius
1304 863 1477 911 divinis
1500 864 1786 927 glorificatur

378 936 644 983 virtutibus.
681 940 789 984 Haec
822 948 1009 984 tantum
1040 939 1100 985 de
1128 949 1292 986 sancto
1316 940 1419 987 viro
1450 942 1782 1004 cognovimus,

377 1030 475 1060 non
500 1013 810 1077 dijudicantes
832 1015 950 1062 alios
974 1016 1057 1079 qui
1080 1017 1259 1080 majora
1283 1017 1343 1064 de
1362 1034 1420 1064 eo
1442 1028 1784 1081 cognoverunt,

376 1091 415 1138 si
438 1090 677 1139 voluerint
698 1092 854 1157 aliqua
876 1093 923 1139 in
945 1093 1045 1156 ejus
1068 1092 1259 1141 laudem
1281 1094 1596 1142 conscribere.

960 1263 1115 1299 CAPUT
1139 1264 1206 1298 VI.

821 1357 874 1390 De
894 1365 1014 1391 sancto
1033 1357 1139 1392 Gallo
1158 1357 1338 1405 episcop0.

443 1467 709 1514 Nobilitatis
725 1467 976 1515 mundanae
991 1468 1225 1531 fastigium
1240 1485 1428 1534 semper
1440 1469 1589 1517 inhiat
1601 1486 1660 1517 cu
1667 1470 1787 1536 pidi-

377 1544 567 1606 tatibus‚
594 1544 764 1607 gaudet
785 1544 1070 1604 honoribus,
1098 1545 1292 1592 inflatur
1313 1546 1606 1608 occursibus,
1626 1546 1787 1594 litibus

380 1621 534 1668 sorum
562 1623 732 1686 pulsat,
767 1623 944 1686 rapinis
975 1624 1199 1688 pascitur,
1231 1625 1479 1671 calumniis
1508 1625 1785 1684 delectatur,

379 1697 636 1762 rubiginosi
666 1698 768 1744 auri
799 1698 972 1746 talenta
1001 1699 1260 1759 desiderat;
1295 1711 1343 1748 et
1364 1701 1481 1747 dum
1504 1717 1654 1766 parva
1676 1717 1787 1767 pos·

377 1774 531 1822 sidere
556 1774 762 1836 videtur,
788 1785 843 1821 ut
864 1776 1155 1839 agglomeret
1173 1777 1379 1842 plurima
1400 1779 1548 1842 magis
1566 1777 1790 1826 accendi-

379 1858 470 1909 tur,
500 1848 763 1913 ingeritque
791 1849 835 1895 ei
862 1851 1106 1913 congeries
1134 1852 1236 1898 auri
1260 1852 1384 1899 sitim
1410 1853 1609 1900 arduam
1636 1852 1788 1918 possi-

378 1925 542 1985 dendi,
569 1926 689 1973 sicut
716 1926 997 1974 Prudentius
1019 1929 1084 1975 ait
1106 1946 1116 1974 :

485 2049 580 2087 Auri
599 2062 765 2100 namque
785 2050 902 2088 fames
923 2051 1101 2102 procedit
1119 2053 1241 2102 major
1261 2053 1309 2092 ab
1325 2066 1436 2094 auro,

381 2159 518 2207 Unde
539 2159 593 2207 fit
614 2169 666 2206 ut
687 2160 805 2207 <lum
829 2161 1002 2224 gaudet
1026 2164 1215 2227 pompis
1236 2164 1393 2211 saeculi
1416 2174 1462 2211 et
1482 2166 1615 2212 vanis
1636 2166 1789 2214 hono-

380 2235 512 2283 ribus
538 2226 781 2296 oblec‘tari‚
815 2237 935 2284 nihil
965 2239 1007 2285 ei
1039 2238 1100 2286 de
1132 2243 1367 2287 mansuris
1401 2241 1709 2304 dignitatibus
1738 2243 1787 2290 in

381 2314 661 2361 memoriam
682 2324 932 2361 revocetur
955 2333 966 2361 ε
994 2332 1082 2362 nec
1105 2317 1294 2382 respicit
1311 2318 1372 2365 ad
1397 2334 1452 2365 ea
1471 2335 1575 2383 quae
1597 2336 1697 2367 non
1720 2320 1790 2367 vi-

381 2390 572 2449 dentur,
600 2389 866 2436 dummodo
897 2390 975 2437 illa
1005 2390 1178 2454 quibus
1210 2393 1365 2440 satiari
1396 2394 1610 2441 animum
1636 2404 1785 2459 putat,

382 2467 653 2530 importune
681 2466 934 2531 possideat.
961 2467 1053 2514 Sed
1075 2478 1185 2515 sunt
1207 2470 1290 2533 qui
1313 2486 1361 2517 se
1384 2469 1444 2517 de
1471 2470 1546 2517 his
1572 2470 1785 2533 nexibus,

382 2551 608 2605 tanquam
642 2558 752 2589 aves
780 2542 840 2589 de
871 2544 1143 2608 muscipulis
1183 2545 1423 2593 evolantes
1453 2556 1500 2593 et
1537 2546 1597 2593 ad
1623 2546 1789 2596 altiora

383 2619 645 2678 tendentes,
683 2619 854 2666 mentis
887 2620 1125 2668 alacrioris
1153 2622 1344 2685 ingenio
1379 2622 1697 2682 absolverunt,
1732 2640 1788 2671 ac

383 2694 554 2741 relictis
578 2695 825 2758 exosisque
850 2697 1046 2743 terrenis
1067 2696 1378 2760 facultatibuS,
1404 2699 1514 2745 totis
1535 2715 1584 2746 se
1607 2699 1789 2746 viribus

385 2771 446 2818 ad
475 2771 555 2818 illa
587 2788 690 2835 quae
730 2781 839 2818 sunt
869 2772 1074 2821 coelestia
1107 2784 1403 2839 aptaverunt.
1435 2775 1564 2823 Sicut
1598 2786 1788 2824 sanctus
