2054 3450
401 322 449 357 78
762 322 830 357 DE
856 320 1044 357 GLORIA
1070 320 1437 358 CONFESSORUM.

399 424 512 454 vero
540 408 589 453 in
612 417 795 454 tantum
819 425 902 454 ore
930 407 1095 472 patulo
1128 408 1385 469 exundare,
1412 418 1464 455 ut
1493 417 1648 455 totum
1682 407 1808 454 beati

399 483 635 548 pontificis
680 485 893 532 ablueret
936 495 1320 532 monumentum.
1376 488 1461 532 Per
1509 485 1604 531 hoc
1650 484 1808 547 itaque

399 562 621 625 cognovit
648 562 865 609 sacerdos
887 563 992 626 quis
1015 572 1134 609 esset
1155 562 1328 608 Valerii
1350 561 1557 626 episcopi
1577 560 1803 608 tumulus.

399 638 491 684 Sed
510 638 772 685 evidentius
791 638 947 686 adhuc
961 639 1078 685 scire
1098 638 1310 703 cupiens,
1334 637 1506 701 detegit
1528 654 1810 685 monumen-

401 725 527 776 tum,
556 725 813 779 amotoque
846 716 1086 780 opertorio
1104 752 1116 775 ,
1153 715 1326 780 reperit
1348 714 1614 762 venerabile
1636 731 1810 780 corpus

401 791 537 839 valde
572 793 830 856 integrum,
858 793 916 839 de
952 809 1050 857 quo
1089 809 1186 839 non
1223 793 1430 840 caesaries
1464 791 1683 851 decidua,
1710 809 1808 840 non

400 868 547 916 barba
580 870 730 918 suerat
751 870 1007 927 diminuta,
1034 886 1188 934 neque
1210 869 1388 933 aliquid
1411 870 1460 916 in
1486 879 1592 916 cute
1615 885 1812 934 corrup·

404 956 502 993 tum
527 946 840 1011 aspiciebatur
863 957 943 994 aut
967 957 1139 994 tetrum
1163 965 1173 992 :
1203 947 1286 994 sed
1305 956 1439 994 erant
1461 946 1623 993 omnia
1653 945 1809 1005 illaesa,

404 1040 457 1071 ac
480 1026 518 1071 si
551 1041 703 1089 nuper
725 1023 920 1071 fuissent
944 1024 1204 1085 recondita,
1233 1033 1482 1087 tantusque
1504 1022 1626 1070 odor
1657 1022 1813 1069 suavi·

406 1102 510 1148 tatis
531 1101 763 1165 fragrabat
786 1118 812 1148 e
829 1102 1031 1162 tumulo,
1055 1112 1105 1148 ut
1128 1118 1227 1148 non
1253 1100 1490 1148 dubitaret
1506 1099 1628 1146 uribi
1652 1100 1814 1163 quies-

404 1194 510 1225 cere
542 1178 628 1225 Dei
660 1178 882 1224 amicum.
918 1178 1056 1224 Lauri
1091 1178 1232 1224 etiam
1264 1177 1376 1224 folia
1412 1175 1501 1223 sul)
1533 1193 1582 1222 se
1609 1174 1815 1222 habebat

405 1264 564 1314 strata,
591 1255 651 1302 de
673 1255 847 1319 quibus
869 1271 1112 1301 assumens
1137 1254 1414 1319 episcopus,
1441 1253 1598 1300 multis
1616 1251 1816 1298 infirmis

406 1334 603 1397 praebuit
638 1334 939 1381 medicinam.
975 1337 1045 1380 De
1084 1333 1372 1380 vestimentis
1397 1333 1538 1395 igitur
1572 1331 1671 1394 ejus
1706 1328 1813 1378 reli-

405 1412 539 1474 quias
557 1412 782 1476 sumpsit:
804 1427 1085 1474 rursumque
1102 1418 1270 1474 operto
1290 1409 1474 1455 tumulo
1491 1406 1815 1455 venerandum

406 1487 628 1552 deinceps
654 1488 910 1535 antistitem
931 1487 1211 1547 honoravit,
1237 1486 1479 1550 multaque
1508 1483 1734 1532 miracula
1755 1482 1816 1531 de

405 1564 479 1611 his
500 1564 782 1630 pignoribus
805 1581 1003 1611 cernens
1025 1564 1074 1610 in
1097 1573 1358 1628 posterum.

929 1714 1085 1749 CAPUT
1108 1712 1292 1748 LXXXV.

770 1813 824 1845 De
840 1810 1004 1846 Silvestro
1025 1809 1261 1845 Cabillonensi
1278 1808 1457 1856 episcopo.

476 1921 775 1967 Beatissimus
796 1936 912 1966 vero
939 1919 1158 1966 Silvester
1182 1915 1720 1966 Cabillonensem².rexit
1743 1932 1820 1962 ec-

410 1997 630 2056 clesiam,
663 1997 772 2060 qui,
808 1996 1119 2060 quadraginta
1159 1994 1348 2042 duobus
1383 1993 1519 2040 annis
1553 1992 1820 2039 sacerdotio

412 2074 691 2132 ministrato,
709 2072 880 2138 plenus
900 2072 1086 2119 dierum
1108 2082 1250 2135 atque
1275 2072 1502 2117 virtutum
1523 2069 1738 2133 migravit
1761 2068 1822 2116 ad

413 2152 689 2198 Dominum«
716 2149 892 2197 Habuit
914 2156 1071 2197 autem
1101 2148 1324 2196 lectulum
1360 2147 1550 2194 funibus
1572 2145 1823 2193 subtilibus

415 2229 670 2275 innexum:
700 2227 789 2274 sub
819 2243 916 2290 quo
953 2243 1059 2274 cum
1087 2226 1231 2273 semel
1261 2223 1402 2288 atque
1433 2225 1602 2270 iterum
1625 2222 1819 2283 infirmi,

415 2306 511 2352 sive
541 2305 829 2369 quartanarii
860 2304 955 2350 sive
985 2304 1127 2350 variis
1162 2301 1371 2359 febribus
1402 2300 1613 2365 oppressi
1641 2299 1825 2348 subde-
1872 2355 1875 2358 Α

415 2393 595 2440 rentur,
639 2382 794 2428 statim
839 2382 1012 2428 virtute
1041 2380 1267 2427 divinitus
1307 2371 1456 2424 indita
1471 2413 1483 2437 ,
1518 2376 1820 2425 sanabantur.

418 2460 599 2506 Idcirco
622 2459 700 2506 hic
721 2459 920 2506 lectulus
944 2458 993 2504 in
1019 2458 1223 2504 ecciesiae
1248 2456 1502 2503 sacrarium
1528 2454 1821 2519 deportatus,

417 2537 555 2583 simili
577 2537 747 2583 virtute
767 2536 964 2582 nitescit.
992 2534 1124 2581 Multi
1145 2534 1290 2593 enim,
1313 2534 1431 2579 sicut
1454 2531 1603 2578 oculis
1624 2531 1826 2596 propriis

418 2614 618 2677 inspexi,
646 2613 858 2659 abscissis
882 2613 940 2658 de
964 2610 1153 2657 funibus
1177 2610 1267 2656 illis
1288 2608 1545 2673 particulis,
1566 2609 1613 2653 in
1635 2607 1824 2671 longin-

474 2750 532 2802 (1)
562 2749 874 2797 Cavillonensim‚
894 2750 1021 2797 22043
1042 2749 1348 2796 cavillonensem,
1362 2742 1494 2792 22053
1520 2739 1824 2796 Cabillonenstnae,

421 2813 540 2853 2391.
