2054 3450
407 330 483 367 268
923 328 1052 365 VITAE
1077 328 1296 367 PATRUM.

408 435 501 465 suae
525 434 729 477 annum,
752 416 881 463 hunc
900 416 1141 462 tumulum
1163 426 1378 463 sanctum
1401 415 1531 474 adiit,
1557 417 1813 479 lumenque

409 495 602 559 recepit.
632 493 946 557 Energumeni
968 509 1082 540 vero
1108 496 1283 557 Lupus,
1303 491 1606 553 Theodulfus,
1637 496 1809 551 Bucco,

411 571 633 636 Scopilia,
660 569 922 617 Nectar-iola
939 580 986 616 et
1006 570 1254 617 Tacihildis
1274 569 1332 616 ad
1353 569 1480 616 hunc
1495 569 1644 616 sancti
1661 579 1816 616 tumu-

411 649 510 695 lum
533 658 642 695 sunt
665 647 881 694 mundati
906 665 916 693 :
949 645 1031 693 sed
1053 656 1098 693 et
1121 645 1286 711 puellae
1309 644 1413 692 duae
1434 645 1494 691 de
1515 646 1816 692 Lemovicino

413 725 674 781 venientes,
693 724 800 771 oleo
821 723 952 787 quod
971 724 1070 788 ipse
1093 732 1281 770 sanctus
1304 721 1542 769 benedixit
1561 731 1813 786 perunctae,

414 817 442 847 a
477 801 685 864 nequitia
716 816 810 864 qua
835 799 1174 847 obsidebantur
1202 798 1439 845 mundatae
1462 807 1586 844 sunt.
1613 800 1670 844 Et
1697 814 1818 861 quo-

415 876 526 923 tidie
562 877 738 924 ibidem
771 877 831 923 ad
862 875 1269 924 corroborandam
1297 874 1440 922 fidem
1469 875 1679 938 gentium
1705 890 1819 937 ope-

415 963 545 1000 ratur
581 955 845 1015 Dominus,
883 955 963 1018 qui
997 953 1331 1019 perpetualiter
1368 951 1597 1016 glorificat
1633 961 1821 999 sanctos

417 1047 543 1077 suos.

1003 1131 1158 1166 CAPUT
1182 1131 1230 1167 X.

847 1228 899 1261 De
917 1235 1037 1262 sancto
1055 1226 1224 1270 Friardo‚
1242 1227 1391 1261 recluso.

484 1339 616 1386 Multi
652 1340 863 1404 variique
893 1349 1002 1386 sunt
1039 1339 1212 1401 gradus
1247 1355 1332 1403 per
1361 1355 1482 1402 quos
1510 1338 1570 1384 ad
1596 1338 1823 1385 coelorum

419 1432 562 1480 regna
599 1416 936 1463 conscenditur
966 1417 1027 1464 de
1056 1416 1250 1481 quibus,
1287 1425 1339 1462 ut
1373 1416 1562 1479 opinor,
1597 1424 1642 1461 et
1673 1414 1826 1460 David

421 1491 532 1538 dicit
557 1493 668 1556 quia
694 1512 716 1537 «
740 1509 961 1540 ascensus
977 1494 1025 1539 in
1040 1492 1188 1539 corde
1211 1492 1459 1556 disposuit.
1479 1509 1503 1535 »
1528 1490 1828 1554 Accipiuntur

421 1586 534 1632 ergo
550 1570 598 1615 hi
619 1570 791 1634 gradus
810 1571 1103 1617 diversorum
1122 1585 1320 1634 operum
1339 1568 1399 1616 ad
1417 1567 1595 1615 cultum
1614 1568 1827 1614 divinum

421 1646 682 1711 profectus,
716 1658 761 1694 et
786 1647 943 1694 nullus
967 1648 1014 1693 in
1042 1647 1113 1693 his
1138 1663 1347 1709 gressum
1372 1645 1512 1708 figere
1534 1654 1712 1710 potest,
1742 1643 1830 1690 nisi

425 1724 586 1785 suerit,
611 1726 729 1772 sicut
751 1742 872 1790 saepe
895 1725 1049 1772 testati
1074 1741 1262 1782 sumus,
1291 1724 1375 1770 Dei
1399 1723 1636 1786 adjutorio
1656 1737 1830 1786 provo·
1868 1778 1877 1785 ι

424 1812 573 1848 catus.
599 1803 676 1848 Sic
699 1803 827 1849 enim
853 1801 1244 1865 Psalmographus
1266 1801 1313 1847 in
1344 1800 1424 1847 illo
1449 1799 1615 1846 mediae
1647 1797 1830 1863 profec-

425 1878 566 1925 tionis
597 1880 743 1942 gradu
775 1880 1004 1943 loquitur,
1036 1879 1230 1925 dicens:
1261 1898 1283 1920 «
1305 1878 1398 1924 Nisi
1424 1877 1655 1923 Dominus
1682 1873 1834 1921 aedifi-

425 1957 598 2002 caverit
614 1956 830 2015 domum,
847 1957 896 2002 in
912 1973 1084 2002 vanum
1100 1955 1318 2002 laborant
1331 1955 1412 2018 qui
1425 1953 1658 2000 aedificant
1674 1968 1827 1998 eam.»

427 2033 570 2089 Quod
592 2033 884 2096 adjutorium
899 2069 911 2090 ,
939 2048 1038 2078 non
1064 2031 1210 2078 modo
1232 2040 1474 2094 martyres,
1501 2046 1668 2075 verum
1690 2028 1832 2075 etiam

427 2119 473 2155 et
509 2109 573 2155 illi
608 2126 728 2173 quos
760 2124 901 2155 sacrae
936 2109 1041 2154 vitae
1073 2107 1317 2154 roboravit
1349 2106 1628 2163 auctoritas,
1663 2105 1834 2168 jugiter

427 2188 733 2251 inquirentes,
758 2187 818 2233 ad
842 2186 935 2233 hoc
953 2185 1084 2250 quod
1115 2187 1214 2232 sitis
1238 2185 1457 2231 desiderii
1483 2183 1701 2248 spiritalis
1725 2199 1835 2247 pro-

429 2265 588 2312 mebat
624 2265 798 2312 alacres
839 2273 1170 2328 pervenerunt.
1215 2266 1332 2309 Nam
1377 2263 1416 2308 si
1455 2261 1517 2309 ad
1558 2261 1836 2322 martyrium

431 2360 565 2391 mens
587 2359 781 2406 accensa
805 2351 891 2400 est,
913 2342 1054 2404 hujus
1074 2340 1294 2404 adjutorii
1313 2356 1456 2404 opem
1475 2338 1692 2403 poposcit
1714 2353 1836 2384 mar-

432 2430 505 2484 tyr
529 2429 581 2466 ut
605 2420 838 2479 vinceret;
866 2419 902 2465 si
925 2418 1088 2481 jejunii
1118 2416 1467 2463 observantiam
1493 2413 1720 2461 adhibere
1746 2421 1839 2459 stu-

433 2488 558 2555 duit,
596 2507 645 2543 ut
675 2496 736 2543 ab
760 2513 817 2565 eo
840 2495 1187 2542 confortaretur
1216 2493 1416 2539 afflictus
1450 2501 1540 2551 est;
1574 2490 1612 2536 si
1647 2497 1674 2552 J
1741 2487 1773 2557 ‘f
1804 2487 1836 2533 ti

434 2576 564 2619 artus
582 2589 819 2620 reservare
839 2571 991 2619 voluit
1008 2570 1298 2635 impollutos,
1323 2579 1373 2615 ut
1391 2568 1451 2615 ab
1473 2567 1556 2613 illo
1575 2564 1657 2618 mfi
1761 2573 1840 2611 tur

437 2652 610 2709 oravit;
646 2651 683 2696 si
715 2660 822 2714 post
846 2648 1158 2712 ignorantiam
1186 2645 1460 2711 poenitendo
1483 2629 1695 2690 convert-i
1710 2641 1839 2693 desi-

438 2726 634 2782 deravit,
659 2736 706 2773 ut
724 2726 785 2773 ab
808 2741 865 2772 eo
889 2725 1201 2771 nihilominus
1223 2721 1546 2773 sublevaretur
1565 2736 1673 2766 cum
1696 2719 1842 2781 lacry-

439 2803 528 2848 mis
553 2802 802 2864 flagitavit3
838 2812 886 2848 et
907 2803 944 2849 si
967 2801 1084 2864 quid
1110 2800 1266 2864 opefis
1290 2799 1412 2845 honi
1435 2813 1652 2851 exercere
1673 2810 1840 2842 eorum
