2054 3450
415 335 489 371 376
731 327 740 333 '
928 333 1054 368 VITAE
1080 332 1297 369 PATRUM.

413 439 518 468 eam
549 420 753 477 accedit,
778 436 973 482 remque
1005 429 1055 466 ut
1083 429 1209 482 gesta
1234 420 1384 467 fuerat
1406 422 1634 485 pandens.
1664 426 1718 469 At
1737 423 1814 470 illa

412 498 634 562 dejiciens
657 513 705 543 se
731 498 778 543 in
808 497 1099 556 orationem,
1131 496 1195 543 ait
1224 514 1234 542 :
1265 517 1286 538 «
1314 499 1392 542 Vae
1424 496 1562 557 mihi,
1587 499 1698 562 quia
1725 516 1813 564 pro

410 574 650 638 parvitatis
677 589 791 620 meae
816 589 1018 637 persona
1036 573 1295 637 peccatrice
1318 572 1518 619 aliorum
1541 573 1686 621 clausi
1708 586 1816 622 sunt

411 650 553 696 oculi.
584 669 607 695 υ
647 653 704 696 Et
744 658 1071 696 consummata
1107 650 1321 696 oratione
1358 649 1584 713 imposuit
1621 666 1815 698 manum

410 726 597 774 mulieri
618 746 628 772 :
654 726 900 773 confestim
932 735 1092 772 autem
1119 735 1169 771 ut
1190 726 1376 788 signum
1398 727 1548 772 crucis
1574 729 1813 790 expressit,

409 803 577 851 mulier
596 804 747 850 visum
772 803 962 867 recepit.
988 805 1144 849 Homo
1164 803 1358 867 quidam
1383 819 1437 849 ex
1461 819 1584 867 pago
1608 803 1707 863 illo,
1735 805 1818 868 qui

408 881 523 928 olim
549 880 764 928 auditum
796 878 1092 944 perdiderat,
1135 879 1194 925 ad
1229 880 1328 942 ejus
1365 878 1583 926 cellulam
1618 879 1818 927 devotus

407 957 613 1015 advenit,
641 973 726 1021 pro
756 973 852 1020 quo
889 956 1127 1021 deprecati
1159 966 1269 1003 sunt
1292 966 1511 1021 parentes
1534 956 1651 1020 ejus,
1690 967 1742 1004 ut
1773 958 1817 1004 ei

407 1050 605 1081 manum
634 1034 734 1080 haec
761 1032 1011 1079 benedicta
1044 1033 1316 1095 dignaretur
1338 1034 1596 1098 imponere.
1626 1033 1718 1080 Sed
1739 1033 1818 1082 illa

406 1110 650 1173 indignam
672 1126 722 1156 se
745 1125 844 1156 esse
868 1110 1166 1174 proclamans
1198 1126 1282 1174 per
1314 1125 1458 1173 quam
1481 1109 1691 1156 Christus
1717 1109 1817 1157 haec

407 1187 592 1252 operari
629 1186 924 1249 dignaretur,
957 1185 1059 1232 solo
1092 1195 1323 1250 prostrata
1357 1196 1403 1232 et
1436 1186 1570 1249 quasi
1600 1187 1697 1250 ipsa
1729 1186 1816 1233 do—

407 1264 689 1310 minicorum
713 1262 889 1326 pedum
910 1262 1101 1324 vestigia
1120 1262 1351 1319 lambens,
1377 1261 1620 1308 humiliter
1643 1279 1732 1326 pro
1758 1279 1816 1309 eo

407 1341 618 1387 divinam
656 1338 955 1384 clementiam
990 1338 1270 1403 supplicavit
1282 1358 1295 1396 3
1323 1338 1496 1402 illaque
1528 1338 1685 1386 adhuc
1713 1339 1816 1386 solo

407 1414 748 1472 decumbente,
787 1431 923 1461 aures
957 1414 1085 1461 surdi
1112 1425 1282 1479 apertae
1317 1424 1447 1472 sunt,
1486 1414 1719 1478 rediitque
1756 1416 1817 1462 ad

407 1493 606 1539 domum
629 1491 867 1555 propriam
895 1507 1099 1537 moerore
1123 1490 1306 1548 ablato,
1335 1507 1444 1537 cum
1471 1491 1661 1553 gaudio.

473 1569 520 1614 2.
568 1567 650 1613 His
689 1567 829 1630 signis
864 1566 1122 1628 glorificata
1156 1568 1278 1613 inter
1316 1577 1549 1630 parentes,
1591 1583 1652 1613 ne
1689 1584 1818 1614 vanae

407 1645 566 1708 gloriae
587 1643 772 1707 lapsum
796 1644 1071 1700 incurreret,
1104 1644 1252 1690 sancti
1277 1644 1462 1690 Martini
1493 1643 1708 1690 antistitis
1733 1643 1817 1691 ba-

407 1721 602 1777 silicam,
637 1719 798 1766 relicto
831 1720 1032 1784 conjuge
1058 1737 1166 1767 cum
1201 1720 1373 1766 familia
1403 1719 1474 1766 vel
1508 1720 1640 1766 omni
1669 1720 1816 1767 domo

408 1812 508 1856 sua,
536 1795 734 1842 fideliter
756 1797 994 1860 expetivit.
1023 1799 1237 1860 Cumque
1256 1797 1340 1842 iter
1359 1806 1566 1860 coeptum
1583 1806 1814 1861 carperet,

407 1873 535 1918 venit
556 1872 615 1918 ad
642 1874 794 1923 vicum
816 1872 946 1919 urbis
960 1874 1219 1931 Turonicae,
1240 1873 1316 1919 cui
1340 1889 1515 1918 nomen
1536 1882 1605 1919 est
1619 1875 1812 1930 Evena¹,

407 1950 455 1994 in
470 1965 567 2012 quo
583 1949 706 1996 beati
725 1949 935 1996 Medardi
959 1950 1287 1996 Suessionenci
1311 1949 1592 1996 confessoris
1612 1949 1816 2013 reliquiae

408 2026 729 2086 continentur,
757 2027 890 2089 cujus
920 2036 966 2071 et
996 2025 1157 2089 vigiliae
1183 2043 1236 2072 ea
1262 2036 1399 2072 nocte
1422 2025 1811 2086 celebrabantur3

406 2103 456 2148 in
473 2102 643 2165 quibus
658 2103 733 2149 illa
750 2112 925 2149 attente
946 2102 1184 2149 excubans
1199 2103 1247 2148 in
1272 2104 1502 2163 oratione,
1523 2104 1640 2150 hora
1658 2103 1815 2151 debita

408 2195 518 2224 cum
543 2179 725 2242 reliquo
755 2179 935 2243 populo
963 2179 1023 2225 ad
1061 2180 1307 2225 missarum
1335 2180 1527 2226 accessit
1563 2180 1810 2227 solemnia.

408 2257 522 2312 Quae
562 2254 679 2301 dum
715 2271 742 2302 a
790 2254 1114 2302 sacerdotibus
1144 2256 1230 2300 Dei
1269 2255 1584 2316 celebrantur,
1623 2256 1814 2303 advenit

407 2331 624 2394 quaedam
647 2331 818 2395 puella,
847 2332 1022 2394 pusulae
1044 2331 1176 2377 malae
1201 2348 1386 2378 veneno
1404 2333 1624 2390 conflata,
1653 2349 1815 2398 proce·

407 2407 569 2470 ditque
602 2407 662 2454 ad
696 2407 839 2472 pedes
872 2408 988 2470 ejus,
1024 2408 1213 2454 dicens:
1251 2428 1272 2452 «
1301 2408 1507 2456 Subveni
1541 2410 1670 2468 mihi,
1704 2411 1815 2474 quia

407 2501 535 2530 mors
575 2485 736 2548 iniqua
771 2485 913 2532 vitam
949 2495 1149 2532 conatur
1174 2486 1372 2549 eripere.
1403 2506 1426 2529 >2
1461 2490 1515 2533 At
1551 2487 1646 2547 illa,
1682 2504 1813 2534 more

406 2562 544 2609 solito
573 2563 620 2608 in
645 2563 859 2609 oratione
883 2573 1129 2628 prostrata,
1156 2564 1380 2626 suggessit
1395 2579 1482 2628 pro
1506 2580 1560 2611 ea
1583 2567 1683 2611 Deo
1706 2581 1810 2611 om-

458 2739 515 2790 (1)
545 2739 603 2778 Ibi
631 2743 843 2791 Perpetuus
872 2741 1071 2793 episcopus
1102 2741 1300 2779 aedificavit
1329 2741 1547 2789 ecclesiam,
1581 2754 1630 2779 ex
1665 2741 1731 2780 lib.
1771 2744 1811 2780 X

404 2798 580 2837 Historiae
600 2812 686 2851 cap.
707 2813 813 2839 xxx1.
839 2800 922 2852 (R.)
