2054 3450
395 330 471 366 270
916 331 1043 367 Vl'rAE
1069 330 1229 368 PATRI]
1235 331 1286 370 M.

394 416 628 480 quispiam
654 417 908 464 meditatus
933 427 1024 478 est,
1050 427 1101 464 ut
1122 417 1182 464 ab
1203 415 1297 464 hoc
1313 416 1549 481 adjutorio
1563 419 1805 482 juvaretur

395 492 603 556 expetiit.
629 495 718 539 Per
741 493 830 540 hos
853 510 965 557 ergo
993 493 1125 541 scalae
1144 493 1286 557 hujus
1312 508 1532 542 ascensus
1558 503 1654 542 tam
1676 494 1801 541 diffi-

394 570 529 631 ciles,
556 578 749 633 tamque
773 571 1003 631 excelsos,
1030 581 1126 619 tam
1145 572 1338 632 arduos,
1363 586 1472 618 cum
1492 570 1583 619 sint
1606 571 1799 632 diversi,

394 647 457 694 ad
477 664 628 694 unum
654 658 810 696 tamen
838 652 1097 696 Dominum
1126 665 1211 714 per
1240 649 1381 712 hujus
1414 648 1636 711 adjutorii
1661 662 1804 714 opem

396 725 750 772 conscenditur.
779 725 961 773 Idcirco
981 740 1168 791 semper
1187 725 1264 772 ille
1285 722 1573 790 poscendus,
1594 723 1670 772 ille
1685 740 1807 789 quae—

398 801 597 862 rendus,
624 803 701 850 ille
726 803 1023 851 invocandus
1049 804 1159 864 erit,
1186 812 1236 849 ut
1260 803 1391 866 quod
1419 803 1480 850 de
1508 801 1640 849 bono
1673 816 1807 849 mens

397 879 627 943 concipit,
653 880 892 943 adjutorio
911 894 998 926 suo
1023 881 1122 944 ipse
1143 879 1376 944 perficiat,
1400 879 1459 926 de
1485 895 1582 943 quo
1604 889 1651 927 et
1671 879 1808 926 nobis

397 955 499 1001 sine
538 956 630 1003 fine
667 967 856 1021 oportet
891 957 1048 1004 dicere
1078 976 1088 1004 :
1119 976 1142 1002 «
1174 957 1473 1020 Adjutorium
1510 967 1724 1004 nostrum
1758 957 1806 1003 in

400 1034 594 1079 nomine
631 1035 847 1093 Domini,
886 1035 965 1098 qui
1004 1034 1110 1081 fecit
1140 1035 1314 1081 coelum
1337 1044 1383 1081 et
1406 1044 1595 1082 terram.
1623 1053 1646 1078 »
1682 1034 1811 1081 Sicut

398 1118 444 1154 et
479 1108 556 1155 ille
594 1109 920 1170 beatissimus,
960 1110 1019 1157 de
1053 1128 1150 1175 quo
1187 1128 1316 1158 nunc
1354 1110 1494 1157 nobis
1529 1111 1712 1157 futurus
1743 1120 1812 1157 est

399 1201 580 1243 sermo,
613 1187 695 1249 qui
734 1188 856 1234 inter
889 1187 1093 1234 diversas
1121 1188 1195 1234 vel
1224 1189 1510 1235 tentationes
1539 1188 1615 1234 vel
1647 1204 1811 1235 cruces

400 1262 581 1320 saeculi,
606 1278 792 1328 semper
816 1263 955 1327 hujus
978 1263 1199 1326 adjutorii
1225 1265 1468 1311 munimen
1493 1265 1702 1328 expetiit.

467 1342 512 1386 1.
551 1340 655 1386 Fuit
699 1341 837 1403 igitur
878 1339 1006 1403 apud
1049 1340 1251 1387 insulam
1299 1341 1644 1387 Vindunittam¹
1682 1340 1812 1388 urbis

401 1417 685 1463 Namneticoe
711 1417 782 1462 vir
810 1418 1002 1480 egregiae
1033 1417 1289 1464 sanctitatis
1306 1453 1319 1477 ,
1345 1417 1564 1464 Friardus
1590 1417 1808 1478 nomine,

401 1492 636 1553 reclusus,
674 1493 734 1540 de
768 1494 902 1557 cujus
937 1494 1033 1541 vita
1066 1509 1322 1558 parumper
1357 1493 1419 1540 ad
1453 1492 1812 1540 aedificationem

401 1568 617 1615 Ecclesiae
647 1569 805 1616 dicere
838 1570 1038 1617 delectat
1067 1570 1304 1628 animum,
1340 1571 1452 1634 quia
1487 1571 1654 1634 ignoro
1683 1571 1721 1617 si
1755 1569 1814 1617 ab

400 1645 559 1709 aliquo
595 1647 653 1693 sit
685 1647 875 1711 scripta.
917 1647 1003 1693 Hic
1038 1646 1099 1694 ab
1137 1647 1333 1694 infantia
1372 1661 1457 1694 sua
1490 1661 1676 1711 semper
1711 1649 1813 1694 Deo

402 1723 601 1771 devotus
626 1725 710 1771 fuit
736 1735 877 1789 atque
905 1724 1107 1790 pudicus
1129 1741 1139 1771 :
1164 1724 1314 1772 factus
1339 1734 1499 1772 autem
1517 1724 1605 1785 vir,
1632 1739 1817 1789 semper

403 1801 450 1847 iu
477 1802 563 1848 Dei
583 1801 819 1861 laudibuS‚
848 1816 1035 1867 semper
1057 1802 1104 1848 in
1123 1803 1354 1863 oratione,
1375 1816 1561 1866 semper
1580 1803 1628 1848 in
1651 1801 1818 1865 vigiliis

403 1877 602 1942 degebat
625 1896 636 1926 t
656 1881 806 1926 victus
836 1878 1096 1926 necessaria
1125 1879 1329 1943 propriis
1357 1878 1577 1926 manibus
1606 1878 1818 1941 exigebat

404 1971 431 2002 a
455 1966 600 2015 terra3
626 1966 672 2003 et
695 1956 733 2002 si
755 1957 802 2002 in
824 1972 970 2020 opera
991 1957 1115 2002 inter
1138 1956 1346 2019 reliquos
1373 1963 1667 2020 properaret,
1691 1970 1815 2002 nun-

405 2047 551 2093 quam
576 2032 639 2079 ab
669 2033 885 2079 oratione
918 2032 1145 2080 cessabat.
1181 2032 1324 2090 Quod
1351 2033 1515 2079 vicinis
1549 2042 1632 2079 aut
1661 2039 1817 2079 extra-

409 2109 532 2168 neis,
560 2119 612 2156 ut
634 2125 739 2156 mos
765 2109 1049 2156 rusticorum
1068 2108 1235 2169 habet,
1266 2108 1519 2156 ridiculum
1542 2116 1658 2156 erat.
1685 2111 1820 2167 Quo-

408 2185 519 2233 dam
542 2202 657 2233 vero
686 2186 763 2232 die
779 2218 792 2245 ,
824 2185 942 2232 dum
967 2202 1078 2232 cum
1104 2185 1318 2249 reliquiS,
1347 2186 1395 2232 in
1420 2195 1625 2249 segetem
1654 2185 1820 2233 culmis

408 2263 594 2322 incisis,
638 2263 908 2328 manipulos
941 2263 1209 2326 colligaret,
1249 2277 1446 2310 examen
1482 2254 1820 2310 miserabilium

408 2349 552 2403 atque
573 2357 803 2388 saevarum
822 2356 1111 2398 muscarum,
1138 2355 1256 2403 quas
1278 2340 1420 2403 vulgo
1447 2353 1610 2405 vespas
1628 2348 1817 2397 vocant,

411 2418 676 2482 reperiunt3
708 2434 914 2483 cumque
935 2419 1162 2466 acerrime
1182 2431 1429 2480 messores,
1452 2419 1632 2465 emissis
1650 2416 1823 2486 aculeis

410 2494 701 2555 lacerarent,
747 2496 956 2560 undique
993 2496 1342 2542 circumeuntes
1378 2502 1612 2552 messem,
1660 2495 1822 2542 lb'cum

412 2571 543 2619 illum
563 2575 612 2619 in
635 2588 734 2637 quo
755 2573 828 2621 hae
848 2573 1065 2620 adunatae
1086 2581 1221 2620 erant
1238 2572 1528 2631 transiliunt,
1556 2581 1699 2636 atque
1719 2569 1823 2618 irri-

465 2751 520 2798 (t)
540 2750 717 2802 Plerique
735 2748 826 2799 Ed„
849 2751 1129 2790 Vindimittam.
1150 2748 1257 2792 Colb.
1275 2756 1314 2789 et
1331 2747 1426 2788 Bell.
1447 2749 1548 2788 infra
1562 2748 1710 2821 habeat·
1725 2748 1824 2786 Vin-

415 2811 656 2850 donitensem.
676 2810 763 2862 (RQ
