2054 3450
445 345 521 380 210
754 325 763 333 “
958 343 1086 379 vlTAE
1111 343 1330 380 PATRUM.

443 430 585 476 horto
602 445 689 475 suo
707 428 880 492 posuit,
904 438 950 475 et
964 428 1120 476 infusa
1134 429 1302 494 saepius
1315 445 1455 493 aqua,
1469 429 1678 476 Domino
1698 429 1850 476 incre—

446 516 658 553 mentum
670 504 832 566 dante,
852 505 1009 552 vivere
1023 505 1145 552 fecit.
1164 507 1236 553 De
1252 521 1350 570 quo
1368 506 1541 570 cespite
1557 505 1733 552 infirmi
1748 522 1848 552 non

443 582 598 629 solum
625 580 888 630 auferentes
910 592 1051 647 atque
1072 582 1289 630 bibentes
1314 582 1515 629 herbam
1541 582 1845 642 sanabantur,

444 675 608 706 verum
631 660 771 706 etiam
794 659 946 706 fidelis
966 676 1108 725 super
1131 676 1242 707 eum
1271 659 1422 706 oratio
1447 658 1717 722 suffragium
1749 675 1851 706 me-

381 738 391 747 ”
443 735 649 782 rebatur.
679 737 773 793 Qui
799 746 966 800 postea
991 753 1076 802 per
1104 736 1356 802 incuriam,
1390 735 1569 799 virgine
1601 735 1846 799 migrante,

443 811 657 876 deperiit.
698 813 915 876 Denique
943 812 1005 859 ad
1036 814 1307 878 sepulcrum
1338 812 1439 876 ejus
1472 811 1630 859 multae
1659 812 1853 860 virtutes

443 900 641 938 ostensae
677 900 802 937 sunt.
845 893 965 938 Nam
1007 891 1297 955 quartanarii
1332 899 1381 938 et
1413 889 1608 937 diversis
1644 888 1854 938 febribus

443 968 620 1031 aegroti,
641 976 693 1013 ut
714 966 774 1014 ad
791 966 985 1014 beatum
1001 967 1239 1014 tumulum
1256 965 1457 1013 fideliter
1474 966 1727 1029 attingunt,
1747 982 1856 1032 pro-

443 1044 570 1091 tinus
591 1040 817 1092 hauriunt
840 1045 1105 1091 sanitatem.
1129 1044 1485 1091 Valentinianus
1507 1043 1648 1107 igitur
1667 1053 1850 1103 cantor,

443 1121 577 1184 cujus
598 1137 741 1186 supra
763 1121 1083 1183 meminimus,
1111 1121 1193 1185 qui
1216 1137 1346 1168 nunc
1363 1119 1609 1186 presbyter
1630 1112 1850 1175 habetur,

442 1214 551 1244 cum
587 1197 865 1245 diaconatus
897 1198 1171 1261 fungeretur
1200 1197 1377 1259 officio,
1413 1213 1442 1244 a
1468 1207 1582 1261 typo
1619 1206 1853 1261 quartano

443 1274 696 1338 corripitur
718 1290 773 1321 ac
789 1291 884 1339 >per
906 1274 1080 1321 multos
1105 1274 1206 1322 dies
1234 1290 1404 1338 magna
1432 1273 1697 1321 defectione
1723 1273 1854 1320 labo-

444 1351 578 1398 ravit.
608 1354 801 1398 Factum
824 1361 893 1398 est
915 1360 1074 1398 autem
1108 1360 1160 1398 ut
1184 1352 1233 1398 in
1263 1351 1341 1398 die
1371 1367 1585 1399 accessus
1615 1350 1756 1414 hujus
1783 1350 1854 1398 fe-

441 1426 557 1486 bris,
580 1428 685 1474 loca
707 1438 867 1474 sancta
886 1428 1083 1474 circuire
1099 1427 1372 1493 disponeret
1390 1443 1548 1489 orans,
1567 1427 1854 1492 veniensque

443 1504 502 1552 ad
533 1504 675 1568 hujus
703 1505 853 1551 sancti
883 1505 1169 1568 sepulcrum,
1203 1514 1464 1570 prostratus
1494 1505 1592 1552 ait:
1631 1523 1655 1550 «
1673 1505 1855 1552 Memor

443 1590 543 1627 esto
560 1581 672 1639 mei,
688 1580 955 1628 beatissime
971 1597 1025 1628 ac
1041 1591 1200 1629 sancte
1219 1581 1454 1629 sacerdos.
1481 1584 1518 1628 A
1535 1590 1582 1628 te
1599 1581 1726 1628 enim
1742 1580 1856 1628 edu·

442 1666 590 1716 catus,
615 1657 785 1705 doctus
807 1674 862 1705 ac
885 1668 1172 1723 provocatus
1192 1675 1325 1716 sum;
1348 1673 1533 1706 memor
1551 1666 1651 1705 esto
1673 1657 1856 1705 alumni

442 1735 622 1800 proprii
644 1752 788 1799 quem
806 1752 970 1783 amore
991 1736 1134 1783 unico
1159 1735 1379 1797 dilexisti,
1398 1745 1444 1782 et
1462 1751 1574 1782 erue
1592 1751 1670 1782 me
1685 1733 1746 1782 ab
1764 1734 1855 1782 hac

443 1827 536 1875 qua
565 1811 783 1859 detineor
816 1811 960 1859 febre.
984 1830 1008 1856 »
1040 1815 1148 1860 Haec
1183 1813 1365 1870 effatus,
1407 1810 1630 1858 herbulas
1660 1827 1764 1875 quae
1793 1810 1854 1859 ad

441 1887 679 1935 honorem
710 1888 967 1935 sacerdotis
995 1889 1179 1936 tumulo
1203 1905 1424 1954 respersae
1447 1888 1631 1935 fuerant
1654 1904 1683 1935 a
1706 1887 1854 1935 devo—

443 1965 500 2011 tis
530 1954 732 2028 colligit3
771 1975 818 2013 et
844 1967 959 2029 quia
980 1966 1153 2012 virides
1175 1975 1325 2025 erant,
1352 1966 1425 2012 ori
1447 1965 1670 2030 applicat,
1697 1965 1851 2012 denti-

441 2040 532 2088 bus
545 2042 754 2107 decerpit
770 2059 1058 2107 succumque
1074 2059 1238 2090 earum
1253 2042 1468 2105 deglutit.
1485 2041 1710 2089 Praeteriit
1725 2041 1854 2088 enim

442 2118 542 2165 dies
564 2117 662 2180 illa,
685 2135 773 2166 nec
796 2118 857 2166 ab
879 2118 974 2166 hoc
996 2128 1065 2166 est
1084 2118 1296 2183 pulsatus
1312 2118 1639 2179 incommodo,
1659 2128 1706 2165 et
1721 2117 1853 2165 dein-

441 2210 553 2259 ceps
583 2195 643 2242 ita
668 2195 881 2260 sospitati
900 2205 970 2242 est
990 2196 1228 2243 restitutus
1251 2206 1304 2242 ut
1329 2212 1416 2243 nec
1437 2195 1541 2242 illas
1567 2211 1686 2260 quas
1711 2195 1852 2260 vulgo

443 2271 715 2318 fractiones¹
739 2282 911 2319 vocant
931 2272 1053 2319 ultra
1074 2272 1318 2337 perferret.
1344 2275 1446 2319 Hoc
1465 2271 1526 2319 ab
1548 2271 1694 2337 ipsius
1717 2287 1851 2337 pres-

440 2348 594 2411 byteri
626 2365 709 2395 ore
740 2348 806 2395 ita
834 2358 1018 2412 gestum
1050 2349 1270 2413 cognovi.
1307 2351 1413 2396 Non
1451 2349 1578 2396 enim
1603 2348 1854 2412 ambigitur

442 2440 527 2487 per
562 2424 684 2471 illius
715 2426 976 2488 potentiam
1005 2423 1197 2488 prodire
1227 2424 1423 2471 virtutes
1449 2424 1510 2471 de
1537 2424 1729 2471 tumulis
1752 2440 1852 2471 ser-

442 2516 613 2547 vorum
628 2517 844 2560 suorum,
870 2502 954 2565 qui
975 2503 1203 2548 Lazarum
1225 2503 1413 2548 vocavit
1436 2517 1494 2548 ex
1515 2509 1848 2565 monumento.

502 2680 534 2714 1.
566 2677 720 2726 Aliquot
747 2690 832 2716 mss.
865 2686 900 2715 et
924 2677 1030 2728 editi,
1053 2679 1260 2728 frictiones.
1284 2677 1431 2715 Fractio
1448 2675 1564 2715 febris
1582 2684 1640 2715 est
1657 2676 1852 2715 intermis-

443 2735 514 2780 sio,
536 2747 612 2785 qua
628 2735 694 2773 illa
713 2735 834 2773 veluti
851 2736 973 2788 frangi
991 2734 1158 2776 videtur.
1177 2734 1261 2788 (R.)
