2054 3450
392 329 433 365 31
445 328 468 365 0
904 327 1033 364 VITAE
1060 326 1280 366 PATRUM.

390 424 435 460 et
473 416 607 460 Pater
637 421 790 459 vester
822 411 1022 459 coelestis
1054 421 1244 477 peccata
1274 423 1439 462 vestra.
1472 433 1494 458 υ
1529 416 1650 462 Cum
1686 430 1799 462 vero

390 490 624 555 supplices
648 489 850 537 famulos
872 489 1012 537 docet
1034 505 1187 548 orare,
1216 491 1283 537 ait
1304 508 1315 536 t
1345 510 1366 532 «
1389 490 1464 537 Sic
1484 492 1612 539 enim
1631 491 1798 539 dicetis

389 567 451 614 ad
476 569 690 614 Patrem:
717 567 909 614 Dimitte
938 567 1077 614 nobis
1102 566 1262 614 debita
1280 577 1460 628 nostra,
1486 569 1800 631 quemadmo-

388 644 504 691 dum
522 654 568 692 et
586 661 673 692 nos
687 644 970 691 dimittimus
991 644 1289 691 debitoribus
1301 645 1491 692 nostris.
1515 645 1647 692 n-Hic
1659 646 1800 711 igitur

388 731 577 769 sanctus
607 723 799 768 Martius
829 721 997 769 beatus
1031 721 1204 779 abbas,
1242 722 1488 769 sanctitate
1522 721 1797 787 praeclarus‚

387 798 560 846 divinis
587 798 801 845 eruditus
828 798 1012 859 studiis,
1038 798 1180 862 hujus
1203 800 1444 846 sententiae
1476 798 1659 846 bonum
1691 802 1800 847 reti·

388 879 491 926 nuit
511 879 674 939 corde,
710 889 760 925 ut
781 878 981 926 libenter
1006 878 1260 927 dimitteret
1285 878 1605 942 delinquenti3
1632 887 1679 925 et
1701 895 1799 925 non

386 956 541 1004 solum
571 957 752 1019 ignovit
786 972 987 1014 noxam,
1023 972 1187 1002 verum
1216 955 1357 1002 etiam
1386 971 1581 1002 munere
1604 955 1800 1020 praebuit

386 1033 601 1095 gratiam,
637 1049 697 1080 ne
726 1034 773 1080 in
805 1032 968 1097 aliquo
1002 1032 1143 1079 vilem
1178 1031 1398 1079 redderet
1431 1032 1607 1096 culpati
1638 1049 1797 1097 perso·
1859 1074 1861 1078 .

386 1127 514 1157 nam.
550 1110 643 1158 Sed
668 1121 777 1158 ante
800 1110 860 1157 de
885 1110 1245 1157 conversatione
1277 1109 1376 1172 ejus
1408 1124 1561 1173 pauca
1595 1109 1799 1156 locuturi

384 1204 573 1248 sumus,
611 1188 885 1253 priusquam
920 1187 979 1235 ad
1003 1186 1144 1251 hujus
1169 1186 1324 1249 gratiae
1346 1184 1633 1232 beneficium
1657 1203 1799 1234 acce-

385 1264 571 1312 damus.
1416 1287 1452 1322 t·

453 1346 497 1390 1.
534 1341 677 1403 Igitur
698 1340 992 1387 beatissimus
1008 1340 1218 1400 Martius,
1240 1342 1456 1386 Arvernae
1478 1339 1610 1386 urbis
1628 1339 1796 1400 abbas,

383 1418 595 1482 ejusdem
622 1418 843 1464 territorii
865 1417 1002 1464 fuisse
1020 1416 1178 1464 incola
1198 1417 1361 1473 fertur,
1387 1425 1434 1462 et
1450 1432 1478 1463 a
1494 1416 1695 1480 pueritia
1718 1433 1800 1464 sua

384 1496 651 1558 religiosam
682 1511 825 1557 agens
854 1495 1015 1545 vitam,
1050 1502 1205 1540 totum
1228 1509 1276 1539 se
1299 1492 1386 1539 Dei
1418 1490 1643 1556 operibus
1668 1492 1801 1539 dedi-

383 1573 524 1620 cavit.
563 1574 674 1619 Erat
706 1571 833 1618 enim
859 1587 1031 1635 parcus
1062 1571 1109 1616 in
1142 1569 1284 1629 cibis,
1323 1570 1479 1632 largus
1512 1569 1560 1615 in
1595 1568 1800 1616 eleemo-

382 1649 525 1711 synis,
554 1657 803 1713 promptus
826 1648 874 1694 in
898 1647 1082 1711 vigiliis,
1111 1647 1160 1693 in
1184 1645 1480 1693 orationibus
1497 1644 1634 1692 valde
1653 1645 1799 1694 devo*

384 1736 457 1772 tus
486 1744 496 1772 ε
542 1726 651 1772 totis
694 1725 874 1772 viribus
922 1725 1158 1772 luxuriam
1202 1723 1496 1771 abstinentiae
1540 1722 1703 1783 frenc,
1743 1739 1800 1770 ac

382 1803 621 1868 parcitatis
649 1819 800 1866 agone
829 1818 1075 1860 coercens,
1111 1818 1172 1848 ne
1206 1802 1294 1848 sibi
1333 1799 1511 1863 aliquid
1547 1799 1800 1865 subrepere

381 1890 556 1944 posset.
595 1883 701 1927 Non
739 1880 977 1926 immerito
1015 1879 1208 1926 Martius
1247 1878 1495 1936 vocitatuS,
1530 1877 1612 1941 qui
1650 1887 1801 1924 marte

382 1957 658 2022 triumphali
698 1957 982 2021 pullulantes
1027 1957 1270 2003 actionum
1305 1954 1577 2001 mortalium
1621 1954 1798 2017 cogita-

383 2038 535 2083 tiones
549 2036 704 2100 gladio
723 2036 923 2099 Spiritus
936 2035 1085 2081 sancti
1105 2035 1151 2079 in
1170 2034 1274 2097 ipso
1296 2031 1589 2079 emicationis
1601 2030 1798 2078 exordio

382 2112 679 2171 succidebat,
721 2128 819 2158 non
854 2110 1025 2158 surdus
1061 2110 1250 2157 auditor
1279 2108 1550 2174 apostolicae
1584 2107 1800 2155 exhorta-

382 2190 524 2237 tionis
545 2188 670 2235 dicta
694 2204 1107 2235 commemorans:
1140 2208 1160 2229 ι(
1192 2186 1428 2249 Accingite
1448 2202 1535 2233 vos
1559 2195 1800 2233 armatura

383 2267 471 2312 Dei
492 2275 537 2312 et
557 2265 713 2329 gladio
738 2265 936 2330 Spiritus
965 2264 1138 2321 sancti,
1169 2274 1218 2310 ut
1241 2263 1429 2328 possitis
1450 2263 1595 2325 ignita
1621 2262 1799 2309 diaboli

384 2344 474 2390 tela
496 2353 819 2390 contemnere.
851 2362 872 2384 ³>
911 2344 1129 2405 Cumque
1154 2340 1216 2388 ad
1250 2340 1378 2387 illam
1411 2340 1556 2386 aetatis
1583 2339 1799 2403 legitimae

385 2421 723 2487 perfectionem
745 2420 965 2481 venisset,
992 2429 1039 2467 et
1070 2429 1296 2483 tanquam
1327 2418 1456 2465 sidus
1479 2419 1718 2482 egregium
1749 2419 1796 2465 in

382 2499 474 2546 hac
498 2498 618 2546 urbe
648 2498 860 2561 fulgeret,
895 2497 1053 2544 adhuc
1090 2496 1270 2560 aliquid
1301 2495 1390 2542 sibi
1413 2496 1576 2542 deesse
1604 2506 1792 2560 putans,

386 2576 514 2623 haud
531 2575 700 2641 procul
721 2574 781 2622 ab
802 2591 858 2622 ea
877 2575 1079 2632 secessit,
1110 2583 1400 2638 acceptoque
1422 2573 1626 2628 sarculo,
1655 2590 1795 2620 mon-

383 2664 479 2700 tem
498 2653 739 2718 lapideum
769 2653 948 2700 caedere
972 2653 1130 2718 coepit,
1151 2652 1199 2699 in
1224 2667 1321 2714 quo
1343 2650 1534 2697 cellulas
1555 2650 1791 2715 sculpens,

384 2731 650 2779 habitacula
675 2731 763 2778 sibi
781 2731 978 2796 parvula
996 2730 1102 2777 fecit
1123 2748 1132 2776 :
1154 2729 1402 2785 scilicetut
1426 2728 1600 2775 arctius
1619 2716 1790 2776 sobrie·

386 2810 491 2855 tatis
530 2818 694 2855 catena
742 2809 1024 2854 constrictus
1042 2843 1054 2865 ‚
1102 2805 1281 2853 facilius
1327 2808 1428 2851 Deo
1476 2807 1793 2869 omnipotenti
