2054 3450
375 333 449 369 162
890 329 1018 365 VITAE
1043 328 1264 368 PATRUM.

372 417 469 464 bat.
507 419 722 479 Cumque
758 398 973 480 plausum
1007 414 1104 461 ales
1135 414 1211 461 ille
1240 415 1357 462 lucis
1392 415 1585 462 nuntius
1617 431 1776 479 reper-

373 493 518 540 cussis
541 491 640 550 alis,
672 491 809 538 altius
829 491 1115 555 protulisset,
1141 506 1260 555 puer
1282 491 1365 554 qui
1393 490 1529 538 valde
1553 491 1779 538 exanimis

373 574 610 634 projectus
626 569 790 630 fuerat,
809 567 1077 627 convaluit3
1111 577 1159 613 et
1179 566 1348 630 gaudia
1369 567 1525 615 cordis
1548 568 1641 614 risu
1665 584 1779 632 prae-

372 646 569 693 cedente
593 645 892 711 patefaciens,
927 653 1092 708 aperto
1118 643 1342 690 divinitus
1366 660 1467 702 ore,
1491 654 1657 692 evocat
1680 661 1779 693 ma-

375 733 511 784 trem,
527 723 690 770 diceus
712 741 722 768 z
756 742 777 765 «
802 721 987 769 Accede
1008 721 1119 768 huc.
1148 741 1170 764 ›>
1199 721 1255 768 At
1279 721 1357 768 illa
1376 735 1487 767 cum
1508 730 1712 768 tremore
1732 729 1779 767 et

373 800 546 863 gaudio
589 799 840 859 accedens,
878 815 984 862 quae
1023 815 1270 863 nunquam
1304 798 1461 846 adhuc
1494 797 1576 845 filii
1617 814 1779 845 vocem

371 877 615 936 audierat,
655 887 884 941 stupens:
930 897 952 919 α
993 875 1121 933 Quid
1159 876 1256 935 vis,
1293 876 1476 939 inquit,
1514 875 1780 923 dulcissime

372 953 518 1001 nate?
545 972 568 997 »
593 953 686 1010 Qui
708 953 773 999 ait
800 970 810 998 ε
837 971 859 996 «
887 954 1036 999 Curre
1061 952 1360 1016 quantocius,
1386 962 1527 1015 atque
1549 967 1780 1016 aquarum

371 1031 488 1077 mihi
510 1030 684 1095 pocula
699 1028 846 1076 defer.
864 1047 886 1072 υ
912 1032 968 1076 At
989 1029 1065 1076 illa
1082 1029 1334 1094 persistens
1357 1028 1611 1076 immobilis
1634 1044 1781 1093 usque

371 1108 431 1154 ad
458 1106 717 1154 adventum
750 1106 867 1152 lucis
896 1106 945 1152 in
981 1107 1224 1166 oratione,
1249 1106 1418 1168 gratias
1446 1122 1589 1168 agens
1618 1114 1780 1152 sancto

371 1185 581 1244 antistiti,
607 1184 919 1249 sobolemque
941 1183 1200 1244 devovens,
1225 1183 1449 1231 abscessit
1473 1183 1533 1230 ad
1555 1183 1776 1242 domum;

371 1272 682 1327 porrectaque
707 1277 854 1325 aqua,
887 1260 1040 1307 hausit
1060 1260 1239 1320 insans;
1263 1269 1404 1324 atque
1425 1261 1559 1306 omni
1583 1258 1780 1306 infirmi-

372 1342 478 1388 tatis
502 1357 623 1387 nexu
646 1338 908 1400 absolutus,
927 1338 989 1385 ad
1014 1338 1209 1403 plenum
1232 1337 1488 1385 convaluit.
1515 1336 1698 1383 Deinde
1719 1335 1781 1383 ad

370 1418 595 1482 pristinos
623 1416 831 1463 infantiae
852 1415 1033 1478 vagitus
1051 1415 1255 1475 rediens,
1278 1414 1407 1478 loqui
1431 1414 1553 1460 ultra
1571 1429 1670 1460 non
1692 1428 1782 1476 po-

371 1495 476 1555 tuit,
503 1494 592 1540 nisi
616 1510 725 1540 cum
743 1492 804 1540 ad
823 1492 950 1539 illam
971 1492 1116 1538 aetatis
1133 1491 1316 1551 seriem,
1344 1491 1392 1536 in
1415 1506 1510 1554 qua
1531 1489 1783 1536 infantium

370 1571 532 1634 lingua
554 1570 615 1617 ad
647 1568 943 1633 loquendum
971 1568 1118 1615 laxari
1150 1568 1293 1624 solet,
1320 1566 1548 1615 educatus
1569 1566 1779 1614 accessit.

372 1647 465 1694 Sed
497 1663 584 1693 nec
606 1646 723 1693 illud
749 1644 884 1692 silere
909 1644 1129 1704 arbitror,
1156 1644 1286 1708 quod
1314 1643 1525 1708 quodam
1546 1654 1780 1708 tempore,

372 1741 469 1788 quo
498 1723 714 1771 clibanus
733 1722 795 1770 ad
819 1721 1095 1786 coquendas
1116 1721 1268 1769 calces
1288 1721 1490 1768 basilicae
1512 1721 1655 1786 ipsius
1678 1708 1784 1766 sucss

372 1801 669 1860 cenderetur‚
694 1810 852 1847 actum
877 1809 963 1847 est.
986 1802 1158 1863 Jugum
1190 1799 1330 1862 igitur
1352 1798 1483 1862 quod
1506 1815 1560 1845 os
1582 1796 1786 1844 fornacis

372 1878 657 1925 validissime
681 1874 1024 1937 confirmabat,
1052 1875 1398 1922 dormientibus
1425 1892 1537 1922 cum
1565 1876 1670 1940 ipso
1692 1875 1785 1921 loci

373 1955 544 2002 abbate
579 1955 661 2018 qui
694 1954 914 2013 aderant,
946 1964 1014 2000 est
1047 1953 1312 2000 effractum.
1345 1955 1454 2010 Quo
1489 1952 1612 1999 facto
1644 1951 1785 1999 astitit

375 2031 652 2096 presbytero
686 2040 882 2095 repente
914 2047 1000 2094 per
1023 2030 1174 2076 visum
1196 2030 1331 2093 quasi
1355 2029 1575 2076 sacerdos
1595 2028 1784 2076 dicens:

379 2130 401 2152 «
432 2109 616 2156 Festina
645 2107 888 2165 velociter,
928 2117 974 2153 et
1009 2107 1158 2154 excita
1195 2106 1486 2153 dormientes
1520 2122 1580 2166 ne
1604 2121 1686 2152 eos
1714 2105 1792 2151 fu-

376 2195 488 2232 turae
510 2185 656 2232 ruinae
685 2200 820 2231 casus
837 2184 1076 2248 anticipet.
1104 2186 1207 2230 Jam
1228 2183 1357 2230 enim
1387 2184 1608 2248 paratum
1630 2192 1700 2229 est
1713 2182 1790 2246 ju-

376 2279 512 2326 gum,
538 2261 670 2325 quod
694 2271 842 2308 totam
873 2260 1050 2307 molem
1074 2260 1289 2325 lapidum
1313 2262 1526 2322 sustinet,
1555 2277 1666 2307 cum
1687 2259 1791 2324 ipso

377 2341 485 2402 igne
525 2354 807 2386 corruere.»
846 2338 926 2384 llle
964 2354 1077 2385 vero
1112 2337 1496 2402 expergefactus,
1535 2336 1703 2384 amotis
1731 2335 1792 2383 ab

378 2432 460 2462 ore
481 2416 683 2463 fornacis
703 2415 946 2474 omnibus,
963 2414 1133 2462 cecidit
1147 2414 1209 2462 ab
1227 2423 1426 2477 utraque
1444 2423 1577 2478 parte
1596 2430 1792 2461 acervus

376 2493 588 2557 lapidum
631 2502 903 2556 aggregatus
921 2533 932 2552 ‚
971 2491 1155 2538 nullum
1201 2491 1261 2538 de
1300 2490 1559 2538 astantibus
1599 2490 1787 2537 laedens.

381 2570 523 2627 Quod
545 2586 643 2616 non
667 2570 768 2616 sine
790 2569 1009 2616 antistitis
1027 2569 1361 2616 intercessione
1383 2568 1639 2632 praestitum
1662 2581 1786 2612 reor.

377 2649 508 2693 Tunc
545 2646 791 2711 presbyter
818 2654 1132 2705 memoratus,
1165 2645 1380 2692 oratione
1409 2644 1529 2691 facta
1555 2643 1617 2691 ad
1635 2641 1792 2708 sepul-

380 2740 515 2770 crum
550 2724 728 2783 sancti,
765 2723 992 2788 reparatis
1016 2723 1140 2786 jugis
1167 2720 1497 2787 lapidibusque
1523 2720 1706 2780 relatis,
1740 2719 1790 2765 in

381 2799 569 2846 clibano
600 2817 723 2862 opus
757 2810 994 2864 coeptum,
1027 2799 1241 2847 antistite
1270 2796 1556 2862 opitulante,
1592 2796 1786 2861 peregit.
