2054 3450
404 332 422 367 1
431 331 480 366 92
720 354 730 362 .
913 330 1040 366 VITAE
1067 331 1284 369 PATRUM.

401 416 562 463 Gallus
580 416 976 463 incolarArvernae
999 415 1149 477 urbis,
1169 433 1310 481 quem
1326 433 1353 464 a
1373 419 1460 465 Dei
1478 418 1608 466 cultu
1630 419 1804 469 abstra-

401 493 514 540 here
546 509 644 539 non
671 493 826 558 potuit
856 510 944 540 nec
970 493 1194 558 splendor
1222 493 1420 556 generiS,
1453 511 1541 542 nec
1574 496 1803 545 celsitudo

401 572 623 619 senatorii
647 571 844 632 ordinis,
866 588 954 618 nec
977 571 1218 636 opulentia
1238 570 1491 631 facultatis3
1511 589 1653 636 quem
1674 591 1802 639 sepa-

402 664 505 695 rare
527 665 555 696 a
574 648 663 696 Dei
685 665 847 696 amore
876 666 975 696 non
1001 649 1154 714 potuit
1179 665 1268 696 nec
1292 648 1482 696 dilectio
1508 650 1668 714 patris,
1702 668 1803 699 non

400 724 562 771 matris
588 724 845 784 blanditiae,
875 742 974 772 non
1002 741 1138 772 amor
1164 725 1420 786 nutricum,
1443 741 1542 772 non
1567 725 1800 774 obsecun-

400 801 529 848 datio
558 801 828 866 bajulorum
851 820 862 848 t
891 802 973 849 sed
1003 802 1077 848 his
1105 801 1326 849 omnibus
1350 818 1438 866 pro
1461 801 1610 849 nihilo
1632 802 1801 864 ductis,

400 887 448 925 et
476 888 703 943 tanquam
736 889 943 926 stercora
972 880 1142 937 exosis,
1168 879 1257 926 Dei
1284 895 1334 925 se
1360 876 1617 939 dilectioni,
1643 880 1731 926 Dei
1755 895 1804 927 se
1865 911 1867 915 -

401 955 558 1002 officio
598 972 794 1016 vovens,
831 955 1152 1002 monasteriali
1194 971 1243 1002 se
1284 954 1564 1002 districtioni
1601 955 1801 1018 subegit.

400 1031 586 1079 Sciebat
597 1032 724 1079 enim
736 1031 956 1096 juvenilis
971 1032 1164 1079 fervoris
1180 1031 1393 1079 flammas
1406 1049 1504 1079 non
1519 1032 1652 1079 aliter
1666 1048 1805 1097 posse

400 1108 668 1168 devincere,
697 1109 787 1155 nisi
814 1125 1022 1156 censurae
1044 1109 1284 1156 canonicae
1313 1118 1359 1155 et
1385 1108 1643 1173 disciplinae
1672 1125 1803 1156 seve-

400 1186 580 1233 rissime
602 1185 898 1232 subderetur.
927 1185 1114 1232 Sciebat
1138 1186 1265 1232 enim
1288 1201 1337 1232 se
1359 1184 1420 1232 ab
1441 1185 1705 1232 humilitate
1721 1202 1803 1232 sae-

399 1262 492 1308 culi
514 1261 576 1309 ad
607 1262 773 1309 altiora
798 1261 1171 1319 sublevaturum,
1203 1271 1250 1308 et
1277 1278 1362 1326 per
1382 1262 1658 1326 patientiam
1680 1261 1802 1314 tole-

401 1338 595 1385 rationis
637 1338 697 1386 ad
738 1338 867 1386 illam
900 1338 1070 1386 excelsi
1100 1338 1244 1402 apicis
1277 1338 1474 1402 gloriam
1508 1347 1800 1397 evecturum,

399 1416 530 1479 quod
555 1425 718 1480 postea
738 1415 955 1480 probavit
977 1426 1187 1462 eventus.

467 1496 512 1539 1.
550 1494 746 1539 Sanctus
767 1491 972 1554 denique
994 1490 1154 1537 Gallus
1183 1489 1242 1537 ab
1265 1490 1583 1538 adolescentia
1606 1505 1691 1537 sua
1706 1489 1805 1550 vde-

399 1578 538 1616 votus
559 1572 661 1615 Deo
685 1585 784 1616 esse
810 1569 968 1633 coepit,
997 1568 1288 1631 diligensque
1316 1584 1373 1614 ex
1393 1577 1493 1614 tota
1517 1567 1675 1614 anima
1697 1570 1805 1613 Do·-

398 1645 600 1705 minum,
621 1654 669 1691 et
690 1661 743 1692 ea
769 1661 872 1709 quae
892 1647 993 1691 Deo
1021 1644 1191 1691 dilecta
1217 1660 1317 1691 esse
1344 1653 1541 1690 noverat
1562 1642 1801 1706 diligebat.

401 1723 536 1768 Pater
563 1721 663 1784 ejus
694 1710 888 1769 nomine
918 1722 1162 1784 Georgius,
1198 1730 1347 1768 mater
1375 1736 1488 1767 vero
1519 1719 1751 1767 Leocadia
1779 1735 1806 1767 a

399 1798 542 1862 stirpe
573 1798 715 1845 Vectii
747 1799 934 1863 Epagati
955 1798 1264 1854 descendens,
1285 1814 1434 1862 quem
1462 1797 1680 1860 Lugduni
1699 1812 1806 1860 pas-

399 1891 505 1921 sum
533 1874 721 1922 Eusebii
754 1884 948 1922 testatur
981 1875 1200 1932 Historia,
1233 1875 1314 1938 qui
1343 1875 1405 1921 ita
1434 1873 1494 1920 de
1517 1872 1807 1938 primoribus

399 1951 692 1999 senatoribus
716 1952 904 1998 fuerunt
928 1962 979 1998 ut
1006 1952 1052 1998 in
1076 1951 1236 1998 Galliis
1267 1950 1386 1997 nihil
1416 1951 1682 1998 inveniatur
1703 1966 1805 1997 esse

399 2029 669 2090 generosius
692 2038 833 2092 atque
852 2027 1072 2075 nobiliuS.
1103 2030 1317 2091 Cumque
1340 2027 1383 2073 ei
1406 2036 1539 2092 pater
1559 2026 1804 2090 cujusdam

400 2105 628 2152 senatoris
664 2104 809 2151 filiam
837 2121 1044 2168 quaerere
1077 2103 1232 2162 vellet,
1267 2103 1345 2150 ille
1374 2113 1616 2168 assumpto
1645 2119 1806 2150 secum

401 2199 497 2228 uno
515 2181 713 2246 puerulo
734 2182 1070 2229 monasterium
1087 2183 1410 2228 Cromonense
1422 2183 1434 2204 ¹
1453 2180 1659 2245 expetiit,
1676 2189 1805 2226 sexto

401 2257 541 2305 situm
569 2258 629 2305 ab
659 2262 863 2306 Arverna
885 2259 1002 2305 urbe
1031 2257 1266 2316 milliario,
1293 2257 1564 2322 suppliciter
1585 2255 1804 2303 abbatem

399 2351 598 2382 exorans
622 2346 671 2382 ut
695 2335 783 2382 sibi
806 2351 994 2383 comam
1019 2335 1182 2399 capitis
1207 2333 1407 2381 tondere
1435 2333 1723 2398 dignaretur.
1751 2336 1808 2380 At

400 2410 477 2458 ille
495 2411 663 2459 videns
680 2411 980 2477 prudentiam
1000 2421 1140 2475 atque
1156 2410 1435 2473 elegantiam
1458 2409 1608 2475 pueri,
1627 2425 1804 2456 nomen

400 2489 613 2552 inquirit,
639 2490 894 2553 interrogat
912 2505 1060 2553 genus
1082 2498 1129 2534 et
1147 2488 1364 2552 patriam.
1386 2487 1466 2534 Ille
1481 2502 1596 2533 vero
1617 2484 1805 2532 Gallum

400 2583 450 2613 se
478 2568 676 2615 vocitari
700 2567 1005 2632 pronunciat,
1038 2566 1188 2613 civem
1219 2567 1498 2622 Arvernum,
1529 2562 1717 2626 Georgii
1748 2561 1806 2608 fi-

454 2747 514 2800 (1)
543 2748 605 2787 Sic
637 2748 752 2797 editi;
785 2747 911 2795 Colb„
941 2749 1185 2786 Crononense.
1214 2744 1355 2794 Laud.,
1391 2746 1660 2782 Crononinsim.
1687 2742 1802 2792 Bell„

405 2811 675 2857 Cronosensim,
696 2807 814 2860 vulgo
836 2810 1019 2846 Cournon.
1047 2804 1138 2843 Vide
1154 2803 1221 2843 lib.
1242 2806 1295 2842 IV
1306 2803 1404 2842 Hist.
1423 2815 1507 2853 cap.
1527 2814 1592 2840 Χῖ..
1614 2799 1699 2853 (R.)
