2054 3450
404 311 481 348 284
916 311 1042 347 VITAE
1068 311 1289 350 PATRUM.

403 397 625 456 arbitror,
662 398 761 462 ipse
797 397 893 444 dux
925 398 1223 456 tentationis,
1260 398 1460 445 validior
1495 400 1640 447 altero
1675 410 1803 460 erat,

401 475 482 538 qui
506 483 663 521 erecto
686 483 877 538 pectore
899 490 953 520 os
977 490 1114 520 suum
1139 484 1304 521 contra
1332 491 1386 520 os
1413 473 1539 522 beati
1563 476 1696 538 quasi
1718 476 1808 524 ati-

400 552 512 615 quid
544 551 868 598 mussitaturus
898 553 1059 599 erexit.
1098 554 1154 598 At
1190 551 1265 598 ille
1301 551 1469 598 timore
1503 554 1802 616 perterritus,

400 638 625 692 tanquam
663 645 820 676 aeneus
855 628 994 676 valde
1035 628 1258 692 diriguit,
1306 628 1586 693 nullumque
1619 632 1807 694 penitus

401 705 670 754 membrum
694 722 885 753 movere
916 716 1108 770 potens,
1145 722 1301 770 neque
1333 722 1525 752 manum
1550 706 1732 754 elevare
1756 718 1808 755 ut

398 784 582 847 signum
614 783 761 830 beatae
789 783 942 830 crucis
975 792 1257 847 opponeret.
1293 786 1507 847 Cumque
1529 783 1672 831 ambo
1698 784 1809 832 diu-

398 860 576 907 tissime
595 861 643 906 in
661 860 846 907 silentio
862 860 1198 918 constitissent,
1215 860 1404 906 venitin
1420 869 1626 907 mentem
1645 872 1808 909 sancto

399 954 482 1002 per
514 938 757 1001 spiritum,
792 947 845 983 ut
884 938 1151 984 orationem
1186 937 1502 997 dominicam,
1537 947 1583 984 et
1617 938 1655 983 si
1686 937 1808 986 labia

399 1032 590 1063 movere
614 1032 712 1063 non
736 1025 945 1081 poterat,
974 1015 1047 1062 vel
1073 1014 1217 1062 corde
1241 1014 1482 1062 clamaret.
1509 1017 1664 1072 Quam
1692 1015 1807 1062 dum

398 1093 565 1139 tacitus
603 1092 830 1157 loquitur,
871 1101 1116 1157 coeperunt
1151 1091 1376 1155 paulatim
1422 1090 1634 1138 membra
1677 1091 1804 1154 ejuS,

397 1187 500 1233 quae
528 1171 706 1218 inimici
731 1170 917 1218 fuerant
936 1179 1034 1217 arte
1057 1170 1281 1229 revincta,
1308 1168 1516 1231 dissolvi,
1538 1179 1583 1216 et
1603 1170 1808 1216 sentiens

396 1263 445 1293 se
471 1263 664 1294 manum
688 1247 928 1294 dexteram
952 1246 1128 1294 habere
1147 1247 1243 1310 jam
1268 1245 1465 1292 liberam
1481 1282 1492 1303 ,
1525 1246 1596 1292 ori
1622 1246 1807 1308 signum

395 1323 543 1371 beatae
581 1324 732 1371 crucis
768 1324 995 1389 imponit,
1035 1339 1288 1387 rursusque
1323 1338 1576 1370 conve-rsus
1617 1322 1675 1368 ad
1715 1321 1805 1384 hy-

395 1400 559 1462 drum,
601 1402 750 1466 pingit
781 1402 950 1449 iterum
982 1416 1172 1448 crucem
1205 1400 1379 1446 Christi
1413 1399 1634 1446 adversus
1665 1415 1802 1458 eum,

396 1478 559 1524 dicens
583 1496 593 1525 ε
625 1481 798 1525 «Tune
826 1495 876 1525 es
899 1477 1002 1537 ille,
1037 1478 1118 1540 qui
1148 1476 1493 1541 protoplastum
1516 1475 1576 1522 de
1599 1475 1804 1540 paradisi

394 1554 665 1602 habitaculo
705 1555 971 1619 projecisti,
1014 1555 1096 1617 qui
1132 1553 1344 1618 germani
1378 1552 1617 1600 dexteram
1651 1554 1806 1613 parri-

395 1631 521 1679 cidio
543 1632 823 1693 cruentasti,
847 1632 928 1695 qui
951 1631 1244 1678 Pharaonem
1261 1640 1312 1677 ut
1335 1629 1566 1695 populum
1592 1631 1678 1676 Dei
1702 1646 1806 1694 per-

394 1718 667 1773 sequeretur
686 1709 906 1757 armasti?
921 1708 1004 1773 qui
1024 1708 1084 1754 ad
1104 1718 1367 1755 extremum
1382 1708 1539 1772 ipsum
1556 1705 1805 1754 Hebraeum

395 1784 654 1850 populum,
687 1794 738 1831 ut
763 1785 940 1832 invidia
965 1784 1283 1832 succendente
1318 1794 1676 1850 persequeretur
1709 1786 1806 1830 Do-

395 1863 603 1919 minum,
646 1862 887 1910 excitasti?
930 1862 1128 1909 Discede
1162 1878 1188 1909 a
1230 1862 1375 1909 servis
1419 1862 1530 1921 Dei,
1570 1878 1598 1909 a
1633 1860 1805 1925 quibus

394 1941 561 2004 saepius
583 1950 829 2005 superatus
862 1939 1111 1986 discessisti
1143 1939 1392 1998 confusus,
1431 1948 1482 1985 tu
1516 1955 1564 1985 es
1597 1938 1724 1985 enim
1754 1939 1802 1984 in

395 2016 508 2063 Cain
533 2016 794 2081 projectus,
820 2016 869 2062 in
896 2020 1017 2063 Esau
1037 2015 1382 2080 supplantatus,
1409 2015 1456 2061 in
1482 2014 1671 2061 Goliath
1697 2031 1805 2079 pro-

395 2102 590 2149 stratus,
630 2093 679 2138 in
722 2093 840 2139 Juda
879 2092 1102 2139 traditore
1136 2108 1412 2156 suspensus;
1451 2091 1568 2138 etin
1603 2092 1705 2156 ipsa
1726 2091 1805 2138 itta

395 2169 645 2216 dominicae
674 2169 857 2216 virtutis
888 2185 1026 2216 cruce
1052 2186 1160 2216 cum
1185 2168 1490 2234 potestatibus
1515 2179 1560 2216 et
1584 2168 1801 2216 domina-

395 2245 604 2309 tionibus
639 2246 732 2292 tuis
768 2246 1083 2310 triumphatus
1117 2256 1257 2310 atque
1298 2245 1527 2292 contritus
1561 2263 1627 2292 es.
1672 2244 1803 2292 Abde

395 2339 548 2383 nuuc,
574 2324 661 2370 Dei
687 2323 900 2382 inimice,
932 2333 1074 2387 caput
1107 2332 1152 2369 et
1182 2321 1429 2369 humiliare
1451 2321 1540 2368 sub
1563 2321 1802 2385 signaculo

395 2400 547 2447 crucis
584 2400 776 2458 divinae,
813 2400 924 2464 quia
963 2416 1062 2446 non
1101 2408 1168 2446 est
1201 2398 1287 2446 tibi
1320 2400 1480 2464 portio
1515 2415 1623 2447 cum
1660 2399 1803 2446 servis

394 2478 508 2534 Dei,
532 2493 742 2541 quorum
765 2487 834 2524 est
858 2476 1103 2524 haereditas
1127 2493 1327 2539 regnum
1361 2476 1548 2524 Christi.
1574 2479 1734 2555 ¹⁹,Hae0
1757 2486 1803 2523 et

395 2553 727 2617 hujuscemodi
749 2564 914 2602 sancto
939 2554 1123 2601 dicente
1142 2590 1153 2612 ,
1187 2569 1470 2618 crucemque
1502 2567 1586 2618 per
1619 2552 1801 2614 singula

396 2627 617 2690 faciente,
644 2629 788 2676 draco
807 2628 951 2692 hujus
974 2628 1129 2675 vexilli
1146 2628 1317 2674 virtute
1335 2607 1578 2688 confusus,
1599 2627 1800 2673 vicissim

394 2720 443 2750 se
463 2704 719 2752 humilians
740 2716 874 2753 terrae
895 2705 1126 2752 subditur.
1158 2704 1250 2752 Sed
1268 2704 1385 2766 dum
1406 2696 1507 2750 hffiec
1528 2708 1795 2766 agerentur,

394 2780 471 2829 itte
493 2782 610 2829 alius
639 2783 762 2830 circa
793 2783 937 2848 pedes
962 2792 1008 2829 et
1036 2782 1174 2829 tibias
1199 2781 1347 2829 sancti
1369 2781 1417 2827 in
1441 2781 1621 2827 insidiis
1643 2780 1800 2827 volve·
