2054 3450
419 336 493 372 318
931 338 1058 374 VITAE
1085 338 1304 376 PATRUM.

418 431 577 469 autem
595 422 721 470 idem
745 423 917 471 vidisse
940 440 990 471 se
1012 435 1244 483 sanctum,
1266 425 1339 472 his
1357 424 1540 473 verbis:
1567 428 1689 473 Cum
1708 437 1829 475 esset

415 498 572 546 adhuc
606 516 741 564 puer,
775 501 907 563 quasi
934 518 1170 549 annorum
1201 501 1441 562 undecim,
1467 501 1528 550 ab
1557 503 1638 551 illo
1667 505 1826 552 tertia-

418 592 586 650 narum
613 593 801 624 accessu
827 577 1028 625 febrium
1050 588 1327 643 occupatur.
1355 581 1486 626 Tunc
1504 579 1643 626 amici
1659 597 1829 646 appre-

348 656 350 659 ’
414 654 617 704 hensum
647 672 867 719 puerum,
900 655 1137 703 duxerunt
1163 673 1276 703 eum
1306 655 1368 703 ad
1396 656 1551 703 virum
1586 658 1691 703 Dei.
1717 660 1830 706 Erat

415 733 543 780 enim
562 733 659 797 jam
684 749 826 780 senex
849 743 894 780 et
918 734 1161 798 proximus
1183 734 1484 782 resolutionis
1507 733 1627 789 diei,
1655 735 1827 798 caliga-

414 808 626 875 bantque
654 811 780 858 oculi
811 811 928 875 ejus.
959 815 1114 860 Posita
1137 828 1249 859 vero
1274 828 1418 859 manu
1440 827 1583 876 super
1604 828 1825 876 puerum,

414 887 510 934 ait:
546 907 568 930 «
596 887 715 944 Quis
735 897 806 934 est
826 886 924 946 hic,
949 888 1024 935 vel
1050 889 1184 952 cujus
1210 898 1279 936 est
1312 887 1467 935 filius?
1491 908 1514 932 >a
1551 888 1827 953 Responde-

414 974 525 1011 runt
557 984 567 1010 :
608 984 630 1008 ι(
663 964 888 1011 Famulus
924 976 1031 1012 tuus
1067 975 1162 1026 est,
1199 982 1316 1031 puer
1341 965 1605 1012 Florentius
1641 965 1831 1029 Georgii

414 1041 660 1105 quondam
683 1040 806 1088 filius
828 1043 1072 1089 senatoris.
1102 1062 1125 1086 »
1156 1045 1208 1090 Et
1237 1042 1314 1089 ille
1343 1061 1353 1088 ε
1395 1063 1416 1086 «
1451 1041 1723 1102 Benedicat,
1757 1043 1829 1089 in-

413 1118 532 1182 quit,
560 1117 641 1165 tibi
678 1118 912 1166 Dominus
940 1121 1083 1179 Deus,
1123 1118 1189 1165 fili
1223 1119 1304 1178 mi,
1341 1129 1387 1166 et
1421 1134 1588 1166 sanare
1610 1118 1831 1183 dignetur

413 1197 663 1259 languores
681 1207 804 1243 tuos.
829 1216 851 1241 υ
870 1199 922 1244 At
941 1197 1017 1243 ille
1031 1197 1250 1244 osculans
1270 1212 1439 1243 manus
1461 1196 1576 1259 ejus,
1598 1206 1646 1243 et
1661 1195 1830 1259 gratias

414 1291 556 1338 agens
605 1273 829 1321 abscessit
874 1290 1031 1321 sanus.
1080 1273 1325 1321 Asserebat
1374 1283 1532 1320 autem
1582 1289 1829 1336 nunquam

414 1351 639 1416 deinceps
672 1367 721 1398 se
752 1351 802 1398 in
825 1352 958 1398 omni
982 1351 1078 1398 vita
1111 1367 1195 1398 sua
1223 1350 1283 1397 ab
1311 1350 1405 1397 hoc
1437 1350 1657 1413 contagio
1690 1349 1829 1398 fuisse

412 1428 669 1493 pulsatum.

479 1507 526 1552 [ι.
556 1508 660 1570 lpse
692 1521 805 1551 vero
830 1506 931 1569 jam
960 1515 1094 1552 aetate
1125 1504 1491 1569 nonagenarius,
1518 1503 1652 1551 bono
1684 1503 1829 1552 desu-

412 1582 532 1629 dans
556 1582 831 1640 certamine,
859 1592 1193 1630 consummato
1225 1599 1363 1629 cursu
1393 1582 1514 1640 vitae,
1550 1597 1746 1629 servans
1777 1582 1826 1628 in

413 1662 515 1706 Deo
552 1659 719 1717 fidem,
758 1658 815 1705 ad
848 1658 977 1706 illam
1011 1675 1239 1706 coronam
1269 1659 1460 1722 justitiae
1491 1675 1637 1723 quam
1669 1659 1718 1705 in
1752 1658 1829 1706 illa

413 1735 736 1783 retributionis
765 1735 841 1784 die
871 1734 1141 1783 redditurus
1165 1747 1233 1783 est
1264 1736 1306 1783 ei
1338 1736 1600 1794 Dominus,
1628 1736 1830 1782 commi-

413 1813 577 1877 gravit.
606 1813 788 1859 Dehinc
805 1829 916 1859 cum
936 1830 1126 1860 summo
1140 1813 1327 1860 honore
1349 1812 1556 1872 ablutus,
1580 1812 1828 1877 dignisque

412 1890 701 1937 vestimentis
735 1889 952 1949 indutus,
993 1890 1116 1937 intra
1154 1891 1416 1937 oratorium
1452 1890 1724 1937 monasterii
1761 1900 1830 1936 est

411 1966 640 2032 sepultus.
667 1967 808 2024 Quod
832 1977 988 2014 autem
1010 1967 1177 2014 beatus
1193 1967 1294 2030 ejus
1316 1967 1527 2014 tumulus
1546 1966 1716 2013 divinis
1737 1966 1830 2012 vir-

412 2043 592 2090 tutibus
608 2042 882 2104 illustretur,
908 2043 1008 2108 ipsa
1034 2060 1138 2107 quae
1159 2044 1302 2090 astitit
1318 2053 1504 2090 caterva
1524 2043 1697 2107 poterit
1713 2058 1829 2089 con-

413 2119 587 2175 testari,
606 2135 710 2183 quae
723 2134 834 2165 cum
848 2118 1063 2166 infirmos
1082 2119 1225 2166 mittit
1241 2118 1301 2165 ad
1316 2117 1573 2177 tumulum,
1590 2117 1827 2183 extemplo

412 2195 674 2243 incolumes
696 2196 890 2242 remittit
915 2195 976 2242 ad
998 2195 1216 2242 domum.
1245 2198 1365 2243 Nam
1396 2211 1507 2242 cum
1541 2194 1601 2241 de
1632 2194 1829 2241 diversis

412 2274 624 2341 partibus
638 2274 948 2335 confluentes,
964 2274 1320 2338 deferentesque
1339 2273 1620 2324 morborum
1635 2280 1825 2336 genera,

413 2353 529 2400 inibi
549 2353 741 2417 capiunt
760 2351 1063 2412 medicinam,
1083 2351 1448 2415 frigoriticorum
1464 2361 1623 2398 tamen
1644 2349 1828 2397 vibran-

414 2432 475 2478 tia
508 2440 712 2477 tremore
745 2428 959 2475 membra
991 2429 1160 2493 saepius
1189 2428 1250 2476 ad
1284 2427 1565 2475 soliditatem
1597 2427 1828 2489 integram

414 2516 765 2565 restaurantur,
822 2504 1059 2552 tribuente
1108 2505 1203 2552 hoc
1252 2505 1462 2551 Domino
1509 2513 1673 2551 nostro
1720 2504 1829 2549 Jesu

416 2584 621 2642 Christo,
647 2583 729 2646 qui
752 2581 985 2646 glorificat
1009 2582 1268 2629 illustribus
1292 2582 1530 2630 miraculis
1553 2589 1827 2628 sanctorum

415 2677 546 2707 nunc
567 2660 790 2718 tumulos,
814 2658 1060 2723 quondam
1080 2667 1295 2706 mortuos
1313 2658 1547 2706 reducens
1568 2674 1595 2705 e
1614 2656 1823 2706 tumulis·

415 2737 511 2801 Ipsi
533 2736 681 2799 gloria
703 2735 753 2782 in
777 2736 944 2783 saecula
963 2735 1258 2783 saeculorum.
1285 2737 1449 2782 Amen.
