2054 3450
395 367 409 402 1
421 367 470 402 48
908 365 1037 400 VITAE
1063 363 1279 400 PATRUM.

395 455 449 498 Et
476 451 630 497 statim
659 449 892 497 adductus
912 450 1039 497 stetit
1062 465 1225 496 coram
1256 463 1381 512 rege,
1406 449 1527 496 sicut
1552 447 1798 513 quondam

392 527 538 575 Jacob
553 543 712 574 coram
726 527 989 575 Pharaone.
1010 526 1098 573 Cui
1113 525 1190 572 ille
1203 525 1266 572 ait
1284 543 1294 571 :
1320 545 1342 568 α
1359 525 1475 583 Quis
1495 542 1564 585 es,
1581 526 1657 572 vel
1672 524 1799 573 unde

391 604 591 650 venisti?
614 613 695 651 aut
712 603 844 668 quod
862 613 933 651 est
945 620 1066 668 opus
1088 601 1258 649 tuum}>
1278 601 1351 648 vel
1375 601 1491 664 quid
1513 603 1799 651 necessitatis

391 697 498 744 eges
520 690 574 729 ut
590 681 752 728 venias
766 681 828 728 ad
843 697 949 740 nos,
967 679 1169 727 edicito?
1188 699 1212 723 »
1234 679 1322 726 Cui
1345 678 1423 725 ille
1446 697 1457 724 ε
1479 682 1657 726 «Pater
1673 696 1796 737 sum,

390 757 560 821 inquit,
582 757 931 805 dominicarum
947 757 1125 817 ovium,
1142 772 1259 820 quas
1281 771 1392 802 cum
1416 755 1648 803 Dominus
1665 756 1800 821 spiri-

390 832 561 880 talibu's
590 833 707 881 cibis
728 834 829 897 jugi
856 833 1265 881 administratione
1299 831 1495 890 reficiat,
1534 832 1798 896 corporalia

389 911 456 957 eis
477 910 716 958 interdum
737 910 962 957 alimenta
987 909 1229 958 deficiunt.
1266 908 1380 955 Ideo
1404 908 1606 973 petimus
1628 917 1798 972 poten-

390 987 501 1032 tiam
532 997 737 1034 vestram
758 997 810 1033 ut
835 986 898 1034 ad
920 987 1069 1034 victus
1099 986 1385 1049 vestitusque
1419 985 1682 1033 necessaria
1713 985 1798 1033 ali-

389 1063 503 1127 quid
529 1063 758 1111 tribuatis.
781 1084 804 1107 »
828 1066 924 1110 Rex
948 1080 1062 1110 vero
1084 1063 1184 1110 haec
1206 1062 1405 1110 audieus
1426 1062 1492 1108 ait
1517 1079 1528 1108 :
1554 1082 1576 1106 α
1596 1062 1799 1127 Accipite

387 1155 524 1203 agros
544 1140 814 1204 vineasque,
839 1140 899 1188 de
923 1140 1096 1205 quibus
1119 1139 1307 1205 possitis
1332 1139 1489 1186 vivere
1516 1155 1572 1186 ac
1597 1139 1797 1195 necessi-

388 1226 504 1263 tates
521 1226 696 1264 vestras
708 1218 915 1282 explere.
937 1236 960 1261 n
979 1218 1073 1275 Qui
1086 1215 1329 1281 respondit
1352 1233 1363 1261 :
1387 1236 1409 1260 «
1425 1217 1567 1278 Agros
1579 1226 1625 1264 et
1638 1216 1798 1263 vineas

386 1310 483 1339 nou
505 1294 806 1358 accipiemus,
832 1292 915 1340 sed
934 1294 973 1340 si
996 1294 1150 1358 placet
1170 1293 1390 1358 potestati
1420 1302 1597 1353 vestrae,
1620 1292 1798 1357 aliquid

386 1369 446 1416 de
469 1369 695 1416 fructibus
710 1370 940 1433 delegate,
962 1371 1074 1433 quia
1089 1386 1188 1416 non
1208 1369 1343 1416 decet
1366 1368 1628 1416 monachos
1650 1369 1797 1416 facul-

385 1446 558 1494 tatibus
582 1447 835 1494 mundanis
853 1447 1032 1506 extolli,
1058 1447 1207 1494 sedin
1233 1446 1499 1493 humilitate
1530 1445 1688 1493 cordis
1710 1447 1798 1494 Dei

386 1539 581 1586 regnum
595 1524 918 1587 justitiamque
936 1524 1036 1587 ejus
1058 1523 1320 1586 exquirere.
1345 1542 1367 1565 »
1387 1524 1444 1568 At
1459 1539 1556 1582 rex,
1575 1538 1686 1569 cum
1705 1538 1794 1569 au-

384 1598 528 1645 disset
548 1599 649 1646 haec
666 1599 825 1657 verba,
846 1599 977 1646 dedit
999 1600 1066 1647 eis
1085 1599 1451 1664 praeceptionem
1467 1608 1519 1646 ut
1541 1599 1678 1646 annis
1699 1599 1795 1645 sin·

384 1675 502 1738 gulis
536 1686 772 1723 trecentos
804 1677 992 1724 modios
1036 1677 1176 1724 tritici
1222 1675 1531 1740 ejusdemque
1566 1692 1796 1724 mensurae

384 1769 584 1799 numero
606 1753 772 1800 vinum
797 1754 1046 1819 accipiant,
1083 1764 1131 1801 et
1158 1763 1352 1801 centum
1387 1769 1555 1801 aureos
1581 1754 1640 1800 ad
1661 1770 1791 1802 com-

383 1829 594 1893 paranda
619 1830 817 1877 fratrum
837 1830 1134 1877 indumenta.
1162 1830 1306 1888 Quod
1327 1847 1476 1895 usque
1493 1847 1624 1878 nunc
1648 1847 1675 1878 a
1697 1831 1797 1879 fisci

381 1905 644 1952 ditionibus
659 1923 829 1971 capere
852 1907 1136 1954 referuntur.

446 1983 493 2028 6.
520 1985 632 2029 Post
652 1982 752 2029 haec
787 1993 944 2030 autem
975 2000 1087 2030 cum
1103 1983 1202 2046 jam
1230 1999 1365 2030 senes
1386 1982 1697 2047 perfectaeque
1719 2000 1793 2031 es—

380 2067 484 2104 seut
503 2059 667 2116 aetatis,
682 2060 936 2123 Lupicinus
958 2059 1107 2106 abbas
1125 2059 1299 2106 scilicet
1320 2069 1367 2106 et
1389 2062 1631 2106 Romanus
1654 2059 1796 2107 frater

378 2141 496 2199 eJus,
519 2137 585 2183 ait
604 2138 858 2201 Lupicinus
882 2153 1110 2201 germano
1132 2154 1220 2184 suo
1242 2155 1252 2183 :
1285 2157 1308 2181 «
1335 2137 1438 2194 Dic,
1470 2137 1643 2201 inquit,
1676 2136 1795 2184 mihi

378 2212 426 2258 iu
451 2213 580 2275 quali
601 2214 889 2260 monasterio
913 2214 982 2261 vis
999 2214 1084 2260 tibi
1105 2214 1260 2278 parari
1275 2214 1563 2278 sepulcrum,
1580 2223 1634 2260 ut
1654 2213 1795 2261 simul

377 2289 709 2351 quiescamus?
726 2310 747 2333 υ
764 2290 858 2347 Qui
876 2291 968 2338 ait:
992 2310 1014 2335 «
1029 2293 1135 2338 Non
1150 2300 1305 2355 potest
1320 2290 1420 2337 fieri
1441 2299 1492 2337 ut
1513 2306 1602 2353 ego
1626 2291 1672 2336 in
1691 2306 1796 2337 mo-

377 2366 583 2412 nasterio
599 2365 871 2430 sepulcrum
888 2367 1110 2425 habeam,
1135 2384 1165 2415 a
1187 2383 1286 2431 quo
1302 2366 1557 2414 mulierum
1579 2359 1804 2414 accessusx

376 2444 605 2488 arcetur¹.
641 2443 773 2489 Nosti
797 2443 924 2490 enim
953 2443 1086 2508 quod
1121 2443 1238 2490 mihi
1267 2443 1468 2508 indigno
1491 2453 1538 2490 et
1567 2459 1665 2490 non
1690 2459 1792 2491 me-

374 2519 498 2564 renti
520 2519 755 2566 Dominus
776 2522 905 2567 Deus
918 2537 1053 2568 meus
1065 2521 1265 2585 gratiam
1287 2519 1454 2567 tribuit
1469 2520 1788 2579 curationum»,

376 2593 607 2658 multique
631 2612 717 2660 per
743 2596 1099 2660 impositionem
1135 2613 1304 2644 manus
1330 2613 1446 2643 meae
1478 2612 1534 2643 ac
1566 2596 1790 2644 virtutem

428 2773 443 2826 (
450 2774 485 2826 1)
509 2778 565 2813 Ne
578 2775 731 2826 quidem
755 2777 796 2814 in
816 2777 975 2816 ecclesia
996 2777 1157 2829 (Mabill.
1173 2777 1286 2815 Praef.
1301 2776 1342 2814 in
1361 2789 1447 2815 saec.
1466 2789 1483 2814 1
1499 2779 1586 2815 Act.
1605 2775 1788 2828 Bened.),
1816 2784 1818 2787 ’

371 2845 486 2883 quam
511 2834 825 2873 consuetudinem
853 2835 1121 2875 cistercienses
1144 2835 1254 2873 initio
1277 2843 1576 2874 renovaverunt.
1598 2834 1682 2887 (R.)
