2054 3450
423 371 473 408 50
785 369 852 403 DE
878 366 1066 403 GLORIA
1095 367 1465 405 CONFESSORUM.

421 455 578 514 defixi,
598 453 796 500 audiunt
814 469 841 499 a
862 452 1073 516 quodam
1100 469 1231 511 sene,
1258 453 1413 499 virum
1445 453 1689 500 dominam
1708 468 1825 499 con-

414 532 592 594 jurasse
632 540 684 576 ut
715 546 796 576 eos
828 531 965 576 unius
997 529 1200 593 sepulcri
1231 529 1491 593 amplitudo
1523 529 1780 593 susciperet
1809 546 1820 574 :

418 623 635 654 sermone
653 623 765 653 vero
786 622 1023 671 percurso,
1043 605 1292 652 confestim
1308 605 1564 652 sustollitur
1582 606 1822 663 feretrum,
1883 600 1885 602 ¹

417 685 651 748 allatoque
674 700 732 730 eo
752 699 902 747 prope
925 682 1212 747 sepulcrum,
1236 682 1429 728 resumit
1451 681 1670 728 sacerdos
1694 682 1827 746 spiri-

416 770 532 807 tum.
564 760 829 824 Alloquitur
851 760 1028 806 sociam
1053 759 1216 805 dicens
1247 779 1257 804 :
1283 778 1304 803 «
1333 757 1618 815 Recordare,
1647 757 1825 804 dulcis-

418 838 533 884 sima
560 837 750 900 conjux,
787 825 890 900 quae
914 835 1052 882 nobis
1084 835 1236 882 fueras
1265 835 1531 899 deprecata.
1569 837 1704 889 Nunc
1727 850 1830 880 sus-

340 922 348 930 *
418 914 522 978 cipe
553 922 871 978 exspectatum
903 912 984 958 diu
1012 912 1220 968 fratrem,
1247 921 1293 958 et
1315 911 1602 974 conjungere
1633 908 1830 957 artubus

417 990 693 1054 impollutis,
717 1006 838 1053 quos
864 1005 963 1035 non
985 989 1169 1035 luxuria
1197 987 1381 1052 polluit,
1408 987 1492 1034 sed
1514 988 1699 1035 castitas
1719 1001 1830 1033 vera

419 1067 679 1113 mundavit.
707 1085 730 1110 »
757 1069 865 1112 Haec
890 1082 947 1112 eo
966 1065 1168 1126 dicente,
1203 1066 1376 1112 mirum
1398 1065 1445 1111 in
1474 1065 1671 1111 modum
1697 1079 1830 1110 com-

419 1153 602 1190 motum
616 1143 902 1208 sepulcrum,
919 1159 1016 1188 uno
1031 1143 1079 1188 in
1094 1142 1199 1189 loco
1214 1158 1319 1188 ossa
1336 1142 1526 1205 virginis
1540 1139 1830 1204 congloban-

417 1231 492 1267 tur
519 1239 529 1267 z
558 1220 723 1267 beatus
751 1236 864 1266 vero
895 1218 1132 1276 sacerdos,
1171 1229 1385 1283 receptus
1413 1220 1462 1265 in
1494 1219 1623 1283 pacis
1659 1234 1830 1265 somno

418 1296 555 1358 liujus
585 1296 789 1361 sepulcri
828 1306 976 1343 tectus
1013 1306 1083 1342 est
1113 1296 1372 1360 opertorio.
1406 1296 1526 1342 Huic
1561 1295 1827 1352 Cassianus,

417 1373 550 1435 cujus
572 1389 726 1438 supra·
740 1373 1058 1431 meminimus,
1086 1372 1324 1419 successit.
1348 1373 1455 1418 Post
1476 1371 1606 1418 hunc
1625 1373 1827 1434 Egemo·

418 1448 524 1495 nius
548 1448 822 1496 cathedram
844 1447 1146 1513 pontificatus
1167 1447 1436 1511 assumpsit.

952 1609 1109 1644 CAPUT
1132 1609 1301 1646 LXXVI.

901 1711 954 1745 De
972 1709 1155 1757 Simplicio
1173 1709 1354 1756 episcopo.

482 1831 591 1885 Quo
637 1827 895 1875 decedente
918 1865 930 1887 ,
971 1828 1136 1875 heatus
1182 1827 1451 1893 Simplicius
1494 1827 1699 1875 ecclesiae
1741 1827 1832 1892 ipsi

419 1904 724 1968 praeponitur.
755 1906 855 1950 Fuit
880 1915 1037 1951 autern
1070 1905 1130 1950 de
1163 1905 1305 1969 stirpe
1339 1905 1506 1964 nobili,
1540 1904 1677 1951 valde
1700 1904 1832 1951 dives

417 1981 464 2026 in
497 1979 669 2043 opibus
704 1980 878 2040 saeculi,
917 1980 1218 2027 nobilissimae
1249 1982 1441 2044 conjugi
1473 1981 1678 2028 sociatus
1714 1999 1725 2027 :
1759 1981 1832 2028 his

418 2057 503 2103 fuit
535 2057 810 2115 castissima,
849 2056 1099 2120 obtegente
1127 2057 1314 2116 saeculo,
1349 2058 1462 2116 vita,
1501 2058 1589 2104 soli
1621 2060 1719 2105 Deo
1753 2074 1833 2105 co-

418 2133 563 2196 gnita,
606 2133 887 2180 mortalibus
925 2143 1082 2180 tamen
1119 2134 1294 2196 ignota.
1335 2137 1480 2181 Erant
1516 2134 1645 2180 enim
1686 2133 1831 2182 ambo

411 2210 525 2273 justi
550 2219 597 2256 et
621 2210 675 2263 ,in
701 2210 1106 2272 eleemosynarum
1130 2210 1308 2257 semina
1331 2227 1387 2257 ac
1419 2211 1688 2273 vigiliarum
1714 2211 1832 2258 tole-

418 2286 617 2333 rantiam
643 2286 776 2333 valde
800 2287 1153 2351 promptissimi.
1179 2290 1361 2334 Interea
1386 2297 1582 2352 propter
1604 2287 1751 2346 illam,
1781 2296 1834 2333 ut

417 2362 649 2423 diximuS‚
695 2363 849 2410 saeculi
893 2363 1194 2426 dignitatem,
1239 2364 1526 2429 Simplicius,
1568 2362 1831 2410 decedente

420 2440 696 2502 EgemoniO,
722 2456 750 2486 a
772 2440 958 2504 populis
982 2441 1182 2502 eligitur,
1211 2441 1294 2487 sed
1315 2457 1344 2488 a
1371 2443 1473 2488 Deo
1497 2457 1582 2505 pro
1605 2440 1831 2487 castitatis

417 2524 462 2561 et
481 2515 733 2561 sanctitatis
755 2516 902 2578 gloria
921 2516 1195 2563 destinatur.
1222 2519 1426 2580 Accepto
1452 2532 1644 2580 quoque
1668 2516 1828 2579 ponti-

419 2591 581 2638 ficatus
604 2592 788 2652 ordine,
817 2591 954 2639 beata
975 2609 1128 2652 soror,
1154 2609 1258 2657 quae
1276 2593 1405 2657 prius
1429 2593 1578 2639 fuerat
1602 2609 1699 2638 non
1723 2591 1828 2638 libi-

418 2668 527 2714 dine
561 2668 645 2714 sed
682 2660 891 2715 castitate
920 2669 1024 2716 viro
1063 2670 1339 2733 conjuncta,
1374 2686 1472 2715 non
1516 2684 1652 2733 passa
1690 2679 1758 2716 est
1800 2684 1828 2715 a

418 2754 565 2791 stratu
587 2745 822 2807 pontificis
844 2745 1135 2804 submoveri;
1161 2746 1244 2793 sed
1268 2747 1316 2792 in
1344 2746 1420 2792 illa
1450 2746 1664 2810 puritatis
1689 2745 1824 2792 casti-

420 2831 531 2881 tate,
565 2837 660 2884 qua
690 2822 817 2885 prius
846 2822 933 2868 viri
968 2823 1213 2870 castissimi
1246 2832 1403 2869 torum
1440 2821 1616 2879 adibat,
1650 2837 1816 2870 secura
