2054 3450
385 341 434 378 92
746 344 812 380 DE
839 344 1023 382 GLORIA
1050 346 1416 388 CONFESSORUM.

384 427 560 474 refulsit
581 429 767 487 merito,
797 430 912 477 dum
942 432 989 478 in
1012 448 1213 497 corpore
1238 445 1557 483 commoratus
1579 447 1666 486 est.
1693 439 1780 486 Hic

382 519 410 551 a
433 503 602 550 saeculo
626 506 847 568 migrans,
870 506 930 553 ad
959 507 1195 555 basilicam
1220 511 1369 557 sancti
1396 513 1634 560 Maximini
1662 531 1781 579 prae-

382 579 637 627 decessoris
669 582 741 629 sui
772 583 980 648 sepultus
1010 594 1096 631 est.
1133 585 1201 631 Ad
1228 585 1360 648 cujus
1394 603 1522 635 nunc
1543 590 1779 637 tumulum

384 656 647 705 vinctorum
684 669 859 707 catenae
889 659 1185 724 franguntur,
1225 664 1462 726 energiam
1498 665 1780 716 incursionis

380 732 624 781 diabolicae
668 736 895 799 patientes
933 739 1128 784 extrusis
1169 737 1464 787 daemonibus
1503 740 1777 803 liberantur,

378 825 608 857 caecorum
648 811 772 859 oculi
816 813 1095 878 plerumque
1131 816 1322 863 remotis
1359 817 1565 864 tenebris
1601 817 1780 868 lumine

378 885 708 935 infunduntur.
744 891 847 936 Jam
888 888 948 936 de
981 891 1177 954 perjuris
1212 892 1327 954 quid
1365 892 1554 940 dicam?
1592 895 1637 941 si
1675 897 1780 959 quis

377 964 507 1010 enim
543 963 608 1011 ibi
644 965 810 1012 falsum
843 966 1163 1029 juramentum
1199 968 1408 1032 proferre
1446 986 1587 1017 ausus
1622 971 1775 1031 fuerit,

375 1038 501 1086 illico
531 1040 692 1088 divina
728 1042 906 1090 ultione
938 1044 1183 1106 corrigitur
1219 1062 1230 1090 ε
1268 1062 1356 1092 nec
1390 1047 1642 1111 quisquam
1678 1045 1778 1097 haec

376 1116 449 1162 vel
482 1115 610 1180 loqui
650 1118 794 1165 audet
826 1120 882 1177 si,
921 1121 1206 1168 conscientia
1239 1131 1508 1187 torquente,
1551 1140 1687 1183 reum
1727 1141 1777 1172 se

374 1207 475 1238 esse
495 1195 787 1255 cognoverit,
815 1195 944 1258 quod
970 1195 1034 1242 ibi
1056 1207 1402 1245 sacramentum
1431 1210 1681 1263 praesumat
1703 1218 1778 1248 ex-

375 1267 571 1315 solvere.

931 1380 1086 1414 CAPUT
1109 1380 1220 1416 XCV.

522 1477 573 1510 De
591 1476 763 1512 Medardo
782 1478 1017 1514 Suessionensi
1037 1480 1141 1525 (alias
1159 1479 1384 1515 Noviomensi
1397 1482 1422 1527 ¹)
1442 1480 1620 1528 episcopo.

439 1595 689 1643 Medardus
727 1613 839 1644 vero
883 1598 1114 1661 gloriosus
1154 1599 1395 1647 confessor
1430 1604 1561 1666 Juxta
1605 1601 1773 1649 urbem

372 1673 658 1719 Suessionis¹
688 1675 898 1738 quiescit.
934 1675 999 1722 Ad
1032 1676 1165 1739 cujus
1190 1677 1457 1742 sepulcrum
1491 1694 1610 1743 saepe
1641 1695 1774 1727 com-

371 1748 516 1812 pedes
551 1750 831 1797 miserorum
863 1751 1129 1800 confractos
1165 1754 1446 1818 aspeximus.
1488 1757 1598 1802 Post
1632 1757 1772 1821 scrip-

372 1835 470 1872 tum
497 1826 556 1873 de
584 1826 875 1874 mirabilibus
903 1829 1001 1892 ejus
1022 1829 1212 1891 librum,
1239 1831 1406 1877 mulier
1432 1847 1575 1878 manu
1606 1831 1774 1879 debilis

370 1900 540 1948 devote
581 1904 771 1967 expetiit
807 1903 931 1950 beati
973 1906 1187 1968 praesidia
1220 1906 1472 1953 sacerdotis
1510 1924 1521 1952 :
1567 1906 1771 1971 denique

369 1993 480 2023 cum
513 1979 704 2043 reliquis
732 1980 908 2042 vigilias
929 1980 1022 2027 fide
1045 1981 1225 2044 integra
1253 1981 1474 2042 celebrat,
1505 1982 1685 2030 confisa
1706 1983 1767 2031 ab

369 2053 468 2115 ejus
490 2055 659 2102 virtute
683 2072 850 2103 manus
871 2056 1072 2104 humore
1100 2057 1260 2121 ligatas
1283 2074 1421 2122 posse
1451 2057 1668 2120 dissolvi,¹
1686 2061 1768 2123 qui

368 2130 623 2178 infelicium
634 2141 819 2180 catenas
829 2134 1040 2197 potentia
1048 2134 1230 2180 virtutis
1243 2135 1481 2181 eximeret.
1496 2137 1682 2182 Factum
1698 2145 1768 2183 est

368 2217 524 2254 autem
553 2208 667 2255 dum
697 2210 846 2256 missae
873 2210 1240 2271 celebrarentur,
1270 2211 1484 2258 resolutis
1512 2228 1767 2261 nervorum

366 2283 607 2331 arentibus
629 2285 851 2349 ligaturis,
881 2287 1048 2350 gratias
1076 2287 1331 2334 confessori
1362 2287 1595 2348 reserenS,
1627 2298 1767 2353 atque

365 2360 425 2406 ad
459 2370 671 2408 sanctum
711 2362 854 2410 altare
884 2363 1142 2423 accedens,
1192 2364 1386 2427 gratiam
1424 2363 1767 2413 benedictionis

365 2437 543 2500 accepit
571 2438 837 2485 incolumis.
874 2442 930 2486 Et
960 2440 1070 2503 quia
1098 2440 1373 2505 priusquam
1397 2441 1625 2506 templum
1652 2441 1765 2489 aedi-

366 2510 599 2574 ficar-etur,
630 2524 730 2561 erat
750 2532 890 2580 super
912 2516 1181 2580 sepulcrum
1208 2517 1355 2563 sancti
1377 2516 1546 2563 cellula
1571 2517 1764 2564 minutis

363 2597 581 2636 contexta
600 2589 828 2653 virgultis,
851 2602 898 2638 et
919 2592 1136 2639 dedicato
1158 2592 1333 2656 templo
1358 2592 1457 2638 haec
1480 2592 1564 2639 fuit
1583 2602 1758 2652 amota,

415 2735 474 2788 (1)
505 2739 622 2787 2204,
644 2741 764 2787 2791,
786 2744 1049 2781 Suessionensi.

415 2794 473 2847 (2)
494 2796 577 2833 ¹Alii
594 2799 789 2847 Sessionis,
811 2803 1024 2847 Sessionas;
1043 2800 1134 2838 editi
1153 2804 1436 2840 Suessionicam.
1461 2803 1543 2855 (R.)
