2054 3450
460 342 535 378 324
972 340 1098 375 VITAE
1122 339 1342 375 PATRUM.
1372 386 1374 388 v

459 439 559 474 tum
594 429 874 489 languores:
904 426 987 472 sed
1019 435 1067 472 ut
1097 425 1156 471 de
1192 425 1474 472 abstinentia
1510 425 1756 484 sanctitas,
1799 425 1863 471 ita

459 505 518 550 de
537 504 779 551 sanctitate
801 503 978 550 vanitas
997 503 1136 567 coepit
1159 501 1404 566 obrepere.
1435 503 1549 548 Nam
1572 518 1780 565 egressus
1803 501 1863 549 de

458 581 651 640 cellula,
674 582 897 646 jactantia
923 580 1211 628 cothurnosa
1246 579 1305 626 ad
1336 578 1643 642 requirendos
1666 579 1862 626 visitan-

458 659 639 722 dosque
661 670 877 724 parentes
902 660 947 705 in
981 675 1099 723 pago
1127 657 1403 718 Pictavensi,
1432 656 1564 720 cujus
1587 672 1728 720 supra
1755 673 1862 704 me-

456 737 698 794 minimus,
725 736 855 783 abiit.
884 739 1240 799 Regressusque,
1265 732 1474 780 tumidus
1492 733 1756 796 arrogantia
1775 731 1864 780 sibi

457 813 544 860 soli
568 814 749 878 placere
773 812 1032 869 nitebatur-3
1060 811 1141 858 sed
1164 810 1442 874 objurgatus
1468 827 1497 858 a
1526 809 1686 868 nobis,
1718 819 1765 857 et
1786 799 1864 858 ac-

455 899 590 953 cepta
619 889 800 936 ratione
833 886 964 952 quod
997 886 1189 954 superbi
1219 886 1360 950 longe
1386 885 1501 932 fiant
1521 902 1546 932 a
1571 902 1717 949 regno
1752 879 1861 948 Dei,

456 966 520 1013 ita
552 982 601 1013 se
630 975 853 1030 purgatus
872 963 1098 1029 jactantia
1121 963 1350 1010 humilem
1385 961 1614 1021 reddidit,
1655 972 1705 1008 ut
1737 962 1865 1010 nulla

458 1042 503 1087 in
527 1057 586 1088 eo
603 1042 790 1105 penitus
812 1041 946 1088 radix
965 1039 1195 1105 superbiae
1217 1039 1539 1096 remansisset3
1567 1039 1629 1084 ita
1653 1047 1699 1084 ut
1725 1039 1866 1111 profi-

458 1127 659 1177 teretur,
692 1118 892 1165 dicens:
939 1137 962 1161 «
1003 1119 1120 1163 Vera
1155 1133 1283 1162 nunc
1327 1132 1426 1162 8558
1464 1115 1693 1178 cognovi,
1733 1115 1863 1181 quod

455 1194 622 1241 beatus
648 1194 900 1259 Apostolus
923 1194 1043 1241 sacri
1080 1194 1174 1239 oris
1197 1201 1485 1239 contestatur
1510 1192 1700 1256 eloquio
1725 1210 1734 1238 :
1767 1193 1861 1250 Qui

455 1271 697 1333 gloriatur,
726 1271 772 1317 in
810 1271 1018 1317 Domino
1053 1270 1291 1333 glorietur.
1325 1288 1347 1311 ι)
1380 1267 1473 1314 Sed
1496 1285 1603 1314 cum
1634 1285 1719 1333 per
1753 1285 1863 1315 eum

456 1347 687 1393 Dominus
722 1363 863 1411 super
896 1345 1109 1392 infirmos
1149 1345 1318 1391 multas
1358 1344 1527 1391 faceret
1565 1345 1780 1403 virtutes,
1817 1355 1862 1392 et

454 1423 531 1469 ille
554 1423 616 1470 ita
640 1440 691 1469 se
703 1423 835 1470 duxit
855 1422 1114 1481 includere,
1136 1431 1185 1467 ut
1207 1437 1451 1484 nunquam
1467 1421 1687 1468 humanis
1703 1438 1865 1486 aspec-

453 1499 576 1546 tibus
610 1508 872 1563 appareret,
912 1497 1164 1544 consilium
1197 1498 1428 1543 suasimus
1465 1507 1513 1542 ut
1540 1512 1636 1543 non
1670 1514 1719 1544 se
1749 1514 1864 1562 per-

455 1585 598 1639 petuo
628 1576 677 1622 in
710 1575 799 1623 hac
830 1575 1135 1622 conclusione
1166 1573 1533 1635 constringeret,
1576 1573 1662 1620 nisi
1697 1574 1744 1621 in
1777 1574 1865 1622 illis

454 1652 682 1699 duntaxat
704 1651 892 1708 diebus,
922 1653 1002 1714 qui
1036 1652 1158 1698 inter
1189 1650 1537 1714 depositionem
1566 1650 1714 1697 sancti
1742 1653 1865 1698 Mar-

456 1729 540 1774 tini
569 1745 624 1775 ac
654 1727 883 1775 dominici
916 1727 1089 1774 Natalis
1125 1727 1470 1774 solemnitatem
1502 1726 1756 1787 habentur,
1792 1727 1866 1775 vel

454 1806 502 1851 in
526 1805 615 1852 illis
639 1805 853 1852 similiter
876 1805 1185 1868 quadraginta
1209 1803 1376 1850 diebus
1397 1820 1517 1867 quos
1539 1814 1647 1851 ante
1672 1796 1867 1853 Pascha-

453 1881 514 1928 lia
550 1882 663 1928 festa
704 1883 752 1929 in
795 1897 979 1929 summa
1017 1881 1127 1928 duci
1164 1880 1447 1929 abstinentia
1485 1883 1673 1927 Patrum
1713 1882 1866 1929 sanxit

452 1958 729 2016 auctoritas,
754 1957 943 2022 teliquis
966 1975 1076 2004 vero
1097 1957 1265 2004 diebus
1283 1957 1587 2004 infirmorum
1609 1958 1755 2021 gratia
1776 1973 1863 2027 po-

452 2034 575 2097 pulis
618 2051 667 2080 se
709 2033 952 2098 praeberet.
1001 2031 1190 2080 Audito
1221 2043 1380 2080 autem
1426 2027 1624 2080 consilio
1668 2029 1830 2081 nostro
1847 2071 1860 2090 ‚

453 2109 653 2157 libenter
672 2128 777 2175 quae
804 2110 928 2157 dicta
953 2120 1064 2157 sunt
1087 2110 1282 2174 accepit,
1310 2109 1614 2174 implevitque
1632 2110 1733 2158 sine
1760 2127 1863 2158 am-

453 2186 694 2250 biguitate.

517 2265 564 2310 3.
603 2264 836 2327 Denique,
862 2263 973 2328 quia
991 2263 1051 2309 de
1076 2262 1437 2310 conversatione
1455 2263 1553 2326 ejus
1580 2253 1735 2328 pauca
1752 2279 1861 2328 pro-

453 2339 599 2387 locuti
629 2357 819 2402 sumus,
853 2339 914 2387 ad
936 2341 1130 2386 virtutes
1152 2355 1268 2403 quas
1291 2356 1376 2425 per
1408 2338 1542 2386 illum
1574 2337 1863 2388 medicabilis

454 2416 623 2464 divinae
649 2417 868 2482 potentiae
903 2416 1094 2463 dextera
1127 2416 1314 2481 operari
1349 2415 1538 2480 dignata
1571 2424 1639 2499 est
1662 2412 1859 2464 acceda-

455 2510 575 2540 mus.
615 2495 774 2541 Caecus
821 2493 1041 2558 quidam,
1086 2493 1339 2558 Popusitus
1382 2487 1607 2554 nomine,
1609 2485 1715 2540 ad
1751 2510 1861 2541 eum

453 2571 607 2629 venit3
641 2580 740 2618 erat
772 2572 902 2618 enim
927 2579 1041 2617 tunc
1067 2568 1232 2618 beatus
1261 2569 1448 2618 Senoch
1485 2571 1583 2633 jam
1618 2569 1860 2643 presbyter

455 2647 714 2694 ordinatus.
738 2647 833 2705 Qui
855 2647 971 2694 dum
993 2645 1174 2709 aliquid
1195 2645 1403 2693 alimenti
1426 2636 1648 2710 postulat,
1678 2647 1820 2714 tactis
1829 2664 1860 2695 a

455 2724 602 2769 sancti
624 2724 879 2771 sacerdotis
899 2740 1044 2771 manu
1062 2723 1233 2783 oculis,
1260 2732 1310 2769 ut
1328 2723 1512 2786 signum
1535 2722 1735 2778 salutare
1758 2713 1867 2773 mer

456 2799 563 2857 ruit,
591 2801 805 2863 protinus
828 2801 979 2847 visum
997 2800 1187 2864 recepit,
1213 2799 1338 2846 Alius
1361 2815 1552 2863 quoque
1579 2787 1857 2848 pictavensis

2045 3311 2048 3315 ·
2040 3196 2054 3277 marm.
2052 3159 2054 3171 i.
