2054 3450
349 347 426 384 206
708 351 718 358 ‘
863 347 993 383 VITAE
1019 346 1236 384 PATRUM.

347 432 425 478 die
458 441 698 494 noctuque
733 432 995 478 Dominum
1023 431 1357 496 deprecaretur
1386 443 1438 480 ut
1467 435 1631 481 vivens
1656 434 1756 497 ple·

347 509 459 555 bem
484 524 619 554 suam
640 509 811 555 vastari
838 525 937 555 non
963 519 1193 568 cerneret,
1219 525 1306 573 per
1325 510 1477 556 visum
1500 510 1654 557 noctis
1670 526 1755 574 ap-

348 586 505 649 paruit
536 585 579 632 ei
613 584 805 648 angelus
841 585 1053 644 Domini,
1093 586 1177 649 qui
1211 595 1305 632 tam
1339 586 1574 633 caesariem
1613 602 1756 650 quam

348 671 526 708 vestem
552 662 600 707 in
627 660 988 708 similitudinem
1011 659 1134 708 nivis
1155 660 1408 708 candidam
1440 661 1680 722 efferebat,
1712 671 1759 708 et

350 739 414 786 ait
437 739 499 786 ad
523 755 636 786 eum
665 757 675 784 :
710 759 732 782 «
763 742 887 787 Bene
913 739 1041 787 enim
1066 749 1127 799 te,
1161 755 1191 786 o
1226 739 1464 798 sacerdos,
1491 749 1759 804 prospectat

351 815 512 863 divina
534 816 684 881 pietas
712 832 799 880 pro
823 816 1003 880 populo
1037 826 1122 863 tuo
1149 816 1524 881 supplicantem;
1558 815 1763 879 ideoque

352 909 413 938 ne
439 893 623 952 timeas,
654 892 873 939 exaudita
895 902 963 939 est
986 893 1113 939 enim
1147 893 1299 939 oratio
1330 902 1427 950 tua,
1462 902 1510 938 et
1540 907 1648 938 ecce
1673 891 1764 938 eris

353 985 464 1015 cum
488 968 669 1033 populo
690 979 776 1015 tuo
798 968 861 1015 ab
884 968 974 1015 hac
997 968 1272 1016 infirmitate
1294 968 1518 1015 liberatus
1544 986 1556 1013 z
1582 966 1764 1014 nullus-

353 1061 445 1107 que
472 1054 517 1092 te
538 1046 726 1092 vivente
745 1046 793 1091 in
818 1045 1013 1108 regione
1034 1046 1123 1092 ista
1143 1045 1204 1093 ab
1226 1045 1316 1092 hac
1338 1054 1489 1108 strage
1509 1043 1760 1109 deperibit.

353 1124 489 1168 Nunc
508 1131 667 1169 autem
690 1123 788 1169 noli
811 1132 1035 1180 metuere,
1057 1132 1165 1187 post
1187 1133 1296 1170 octo
1313 1139 1426 1169 vero
1442 1137 1595 1168 annos
1611 1119 1768 1185 exple-

354 1207 427 1245 tos
442 1198 666 1261 migrabis
684 1214 712 1246 a
733 1200 920 1246 saeculo.
942 1218 964 1243 »
984 1199 1127 1256 Quod
1149 1210 1315 1264 postea
1337 1198 1638 1246 manifestum
1663 1197 1762 1243 fuit.
1789 1217 1791 1219 ·

356 1275 717 1338 Expergefactus
733 1286 911 1337 autem,
933 1285 980 1322 et
1003 1278 1106 1323 Deo
1131 1277 1297 1340 gratias
1320 1291 1410 1340 pro
1426 1275 1518 1322 hac
1542 1273 1768 1321 consola-

356 1350 486 1397 tione
516 1368 677 1415 agens,
711 1352 844 1415 quod
874 1368 959 1416 per
989 1352 1226 1400 coelestem
1255 1352 1476 1399 nuntium
1511 1350 1771 1398 confortari

356 1426 575 1491 dignatus
597 1437 684 1487 est,
708 1429 982 1491 rogationes
1004 1429 1104 1476 illas
1124 1429 1340 1486 instituit,
1373 1438 1426 1475 ut
1460 1427 1619 1475 media
1639 1429 1770 1484 Qua-

357 1504 622 1568 dragesima
637 1505 883 1570 psallendo
901 1506 963 1552 ad
984 1505 1231 1553 basilicam
1248 1505 1374 1552 beati
1397 1508 1422 1551 J
1425 1504 1569 1552 uliani
1593 1513 1769 1566 marty·

359 1582 424 1627 ris
443 1582 609 1629 itinere
629 1581 836 1646 pedestri
854 1583 1086 1629 venirent.
1106 1585 1226 1629 Sunt
1247 1592 1407 1629 autem
1426 1582 1474 1628 in
1488 1581 1583 1627 hoc
1605 1581 1772 1626 itinere

359 1657 495 1721 quasi
512 1657 667 1704 stadia
690 1667 898 1706 trecenta
931 1659 1187 1722 sexaginta.
1218 1661 1339 1706 Cum
1371 1667 1529 1705 autem
1558 1657 1774 1720 regiones

360 1733 479 1793 illas,
516 1745 568 1781 ut
599 1733 824 1795 diximus,
859 1735 962 1782 lues
994 1735 1073 1782 illa
1107 1745 1426 1795 consumeret,
1451 1733 1514 1781 ad
1538 1733 1774 1780 civitatem

361 1813 638 1871 Arvernam,
662 1812 810 1859 sancti
836 1811 958 1859 Galli
976 1812 1296 1859 intercedente
1319 1811 1551 1871 oratione,
1581 1825 1679 1856 non
1701 1818 1774 1856 at-

362 1887 481 1950 tigit.
508 1886 646 1935 Unde
674 1903 761 1951 ego
790 1904 889 1934 non
920 1904 1113 1952 parvam
1145 1904 1316 1935 censeo
1339 1888 1540 1950 gratiam
1566 1886 1667 1948 ejus
1693 1884 1776 1948 qui

363 1963 459 2010 hoc
483 1965 671 2023 meruit,
699 1974 751 2012 ut
779 1975 940 2030 pastor
962 1966 1144 2031 positus
1166 1982 1278 2014 oves
1303 1982 1410 2012 suas
1434 1963 1671 2024 devorari,
1696 1962 1775 2010 de-

365 2039 586 2088 fendente
607 2042 833 2102 Domino,
858 2058 956 2088 non
982 2042 1180 2089 videret.

431 2120 480 2165 7.
518 2117 608 2164 Sed
632 2118 879 2164 veniamus
905 2118 966 2165 ad
995 2118 1114 2164 illud
1135 2128 1322 2182 tempus
1343 2133 1454 2164 cum
1475 2133 1586 2163 eum
1610 2116 1774 2162 Domi-

368 2210 457 2240 nus
478 2193 539 2240 de
561 2193 654 2240 hoc
686 2194 870 2241 mundo
899 2196 1037 2258 jussit
1067 2195 1259 2242 assumi.
1299 2196 1420 2240 Cum
1451 2201 1667 2257 gravatus
1702 2192 1777 2238 in-

368 2271 627 2318 commodo
650 2271 919 2331 decubaret,
942 2274 1004 2319 ita
1020 2272 1161 2319 febris
1182 2273 1366 2320 interna
1386 2270 1546 2318 omnia
1562 2267 1777 2316 membra

369 2347 470 2410 ejus
505 2347 696 2413 depavit
728 2359 780 2396 ut
811 2349 1006 2414 capillos
1037 2359 1083 2395 et
1116 2348 1314 2395 barbam
1348 2347 1486 2394 simul
1524 2346 1774 2394 amitteret.

371 2424 533 2471 Sciens
555 2434 711 2471 autem
733 2442 800 2482 se,
825 2425 1062 2472 revelante
1085 2424 1312 2480 Domino,
1330 2432 1446 2488 ,post
1467 2421 1679 2469 triduum
1698 2419 1780 2466 mi-

372 2511 632 2563 graturum,
665 2510 899 2548 convocat
919 2500 1154 2566 populum
1185 2510 1231 2546 et
1261 2498 1502 2558 omnibus,
1535 2496 1778 2544 confracto

335 2582 339 2587 ’
374 2593 515 2641 pane,
540 2579 927 2625 communionem
947 2587 1109 2625 sancta
1127 2593 1182 2624 ac
1204 2577 1282 2642 pia
1300 2575 1544 2624 voluntate
1565 2572 1774 2635 largitur.

375 2653 662 2702 Adveniente
683 2665 840 2703 autem
863 2655 940 2702 die
961 2655 1113 2710 tertia,
1140 2670 1244 2718 quae
1267 2663 1366 2699 erat
1386 2650 1637 2698 Dominica
1659 2648 1776 2705 dies,

374 2747 479 2794 quae
499 2731 680 2778 civibus
703 2732 922 2778 Arvernis
941 2732 1201 2778 immanem
1220 2729 1375 2777 intulit
1399 2728 1597 2785 luctum,
1628 2724 1778 2772 albes-

377 2817 513 2854 cente
523 2807 621 2871 jam
640 2808 780 2869 coelo,
806 2809 1062 2870 interrogat
1083 2805 1199 2870 quid
1220 2806 1270 2852 in
1293 2804 1485 2852 ecclesia
1510 2802 1776 2868 psallerent.
