2054 3450
411 318 427 354 1
438 319 487 355 60
782 356 793 363 ,
922 318 1051 354 VITAE
1078 320 1294 357 PATRUM.

409 402 607 450 nerandi
635 403 819 449 comitis
842 419 1018 461 servus,
1050 421 1162 451 cum
1179 406 1232 451 in
1256 406 1482 454 diuturna
1508 409 1711 461 caecitate
1738 424 1812 455 re-

408 481 597 541 sideret,
623 479 867 527 celebratis
886 482 1069 544 vigiliis,
1098 498 1239 529 sanus
1262 482 1500 530 abscessit.

473 559 519 604 3.
559 561 627 604 De
651 558 856 622 reliquiis
877 575 990 605 vero
1010 559 1110 621 ejus
1129 560 1228 606 haec
1244 560 1344 624 ipse
1361 560 1577 624 praefatus
1592 562 1806 626 scriptor,

408 644 459 680 ut
491 645 649 681 actum
682 645 768 690 est,
797 636 990 700 propria
1019 636 1418 700 contemplatione
1441 638 1693 701 prospexit.
1721 641 1810 685 De-

409 710 647 758 dicaverat
676 712 816 775 igitur
851 713 1111 760 oratorium
1146 713 1266 759 infra
1299 713 1499 760 domum
1534 713 1810 762 ecclesiasti-

407 803 511 834 cam
539 788 668 834 urbis
688 789 930 835 Turonicae
952 790 1000 835 in
1023 789 1178 852 primo
1212 789 1462 836 sacerdotii
1489 790 1560 836 sui
1583 805 1736 848 anno,
1761 793 1807 837 in

406 881 503 926 quo
522 882 631 911 cum
655 865 945 928 reliquorum
969 876 1240 912 sanctorum
1268 866 1545 930 pignoribus
1568 866 1707 930 hujUs
1728 883 1811 915 an-

407 941 560 987 tistitis
588 941 807 1005 reliquias
834 942 1099 989 collocavit.
1134 946 1245 988 Post
1275 943 1451 989 multos
1478 959 1591 989 vero
1624 943 1810 991 dedica-

404 1018 546 1064 tionis
575 1018 676 1064 dies
702 1018 973 1065 admonitus
997 1029 1067 1065 est
1089 1019 1149 1065 ab
1171 1019 1342 1066 abbate
1369 1030 1422 1066 ut
1449 1020 1668 1083 reliquias
1694 1036 1811 1084 quas

403 1097 451 1140 in
487 1095 619 1141 altari
646 1096 751 1159 ipso
774 1096 1010 1143 locaverat
1032 1096 1264 1154 visitaret,
1299 1112 1360 1143 ne
1390 1096 1449 1143 ab
1471 1096 1674 1143 humore
1697 1097 1810 1143 novi

403 1171 584 1218 aedificii
607 1172 903 1231 humectatae,
924 1173 1100 1235 aliquid
1117 1173 1165 1219 in
1189 1173 1264 1219 his
1287 1173 1548 1237 putredinis
1567 1173 1805 1221 insideret.

402 1253 530 1307 Quas
561 1267 669 1297 cum
710 1251 954 1313 requirens
988 1251 1234 1314 reperisset
1270 1250 1490 1309 infectas,
1534 1249 1716 1297 ablatas
1752 1268 1807 1298 ex

403 1326 535 1372 altari
553 1337 719 1374 contra
737 1328 894 1389 ignem
916 1329 1091 1374 siccare
1113 1328 1272 1391 coepit.
1292 1329 1465 1373 Verum
1488 1326 1570 1374 ubi
1590 1327 1810 1390 ligaturas

402 1403 502 1450 illas
541 1403 773 1466 sigillatim
815 1405 1113 1468 composuit,
1152 1414 1348 1450 ventum
1384 1413 1454 1450 est
1491 1404 1552 1450 ad
1589 1403 1809 1467 reliquias

403 1480 527 1527 beati
553 1481 689 1527 lllidii
719 1482 945 1545 episcopi.
974 1482 1189 1544 Denique
1222 1491 1387 1527 tenens
1425 1479 1616 1526 easdem
1643 1489 1809 1526 contra

402 1557 585 1618 ignem,
616 1557 745 1603 iilum
779 1573 874 1619 quo
912 1557 1059 1619 ligatae
1087 1565 1242 1611 erant,
1271 1556 1381 1619 quia
1410 1565 1510 1602 erat
1538 1554 1673 1602 valde
1698 1572 1808 1619 pro-

402 1633 572 1691 lixum,
618 1650 760 1698 super
798 1633 1017 1680 ardentes
1052 1633 1226 1680 decidit
1262 1649 1464 1697 prunaS,
1502 1642 1548 1678 et
1582 1641 1807 1696 tanquam

398 1727 582 1757 aeneum
618 1722 698 1757 aut
731 1710 934 1757 ferreum
971 1710 1032 1757 ab
1066 1709 1236 1756 ardore
1267 1709 1387 1773 ignis
1425 1708 1685 1756 incanduit.
1722 1709 1806 1756 Illo

399 1803 589 1850 quoque
618 1788 748 1850 parvi
773 1786 1011 1851 pendente
1045 1785 1160 1851 quid
1184 1784 1315 1832 filum
1344 1784 1477 1831 fieret
1509 1801 1606 1848 quo
1637 1794 1808 1831 sanctae

373 1863 605 1927 .reliquiae
641 1863 911 1925 ligarentur,
943 1863 1177 1909 aestimans
1208 1862 1363 1926 ipsum
1395 1861 1493 1924 jam
1527 1861 1576 1907 in
1603 1861 1807 1908 favillam

401 1941 539 1987 fuisse
566 1940 843 1999 resolutum,
866 1939 1097 2003 comperit
1123 1939 1281 1985 adhuc
1309 1939 1544 2000 integrum
1578 1948 1623 1984 et
1654 1938 1808 1984 incor-

400 2027 611 2080 ruptum,
626 2017 800 2080 quippe
822 2016 951 2079 quod
970 2015 1213 2061 vinculum
1235 2026 1282 2061 et
1306 2015 1506 2078 ligamen
1529 2014 1672 2078 paulo
1696 2024 1805 2061 ante

401 2094 557 2141 fuisset
578 2093 714 2156 liujus
737 2092 927 2156 gloriosi
952 2091 1204 2156 pontificis.

464 2171 513 2217 4.
549 2173 671 2216 Puer
701 2179 797 2216 erat
825 2168 1049 2233 parvulus
1077 2169 1205 2231 quasi
1240 2168 1474 2214 mensium
1501 2167 1693 2224 decem,
1723 2168 1806 2230 qui

400 2256 452 2294 ut
474 2263 547 2293 res
571 2247 774 2293 veritatis
795 2246 986 2292 edocuit
1002 2282 1014 2304 ,
1042 2246 1187 2310 ipsius
1216 2244 1341 2291 beati
1364 2244 1576 2308 abnepos
1595 2243 1807 2291 habeba-

399 2335 500 2383 tur;
535 2324 794 2387 gravissimi
817 2322 1110 2369 incommodi
1143 2339 1332 2369 accessu
1358 2321 1666 2368 afficiebatur.
1705 2320 1805 2368 Fle-

399 2401 479 2448 bat
511 2411 669 2448 autem
691 2400 812 2447 illius
834 2400 1030 2463 genitrix
1060 2415 1157 2446 non
1191 2399 1347 2445 minus
1383 2399 1566 2447 obitum
1601 2398 1802 2462 parvuli,

399 2495 541 2542 quam
574 2477 707 2541 quod
742 2493 840 2522 non
882 2476 1030 2522 suerat
1064 2475 1221 2522 adhuc
1261 2475 1422 2522 divino
1453 2474 1690 2520 delibutus
1733 2489 1784 2520 sa

400 2564 660 2602 eramento.
694 2554 909 2617 Denique
937 2552 1134 2599 consilio
1156 2552 1336 2608 habito,
1369 2551 1495 2598 beati
1526 2550 1806 2597 confessoris

401 2632 514 2679 adiit
541 2631 802 2691 tumulum,
835 2630 1027 2694 exponit
1058 2630 1106 2676 in
1140 2630 1411 2693 pavimento
1442 2637 1693 2690 aegrotum,
1722 2626 1805 2690 qui

401 2709 517 2755 nihil
539 2709 672 2755 aliter
688 2724 829 2771 quani
851 2707 952 2753 solo
975 2707 1138 2770 spiritu
1163 2705 1442 2770 palpitabat3
1465 2714 1604 2767 atque
1623 2704 1671 2749 in
1691 2703 1803 2766 vigi-

404 2786 475 2832 liis
494 2784 990 2847 obsecrationibusque
1012 2799 1172 2830 coram
1194 2782 1411 2846 sepulcro
1427 2781 1644 2828 antistitis
1666 2796 1802 2827 excu-
