2054 3450
377 318 452 355 236
497 293 507 300 ’
698 329 707 337 -
891 318 1019 354 vlTAE
1045 318 1264 354 PATRUM.

379 403 614 463 manibus,
641 404 792 468 ejecto
822 404 1056 464 daemone,
1095 420 1343 468 personam
1375 405 1568 452 restituit
1592 405 1780 469 integrae

376 481 540 526 menti.

443 561 489 605 5.
516 556 597 604 His
620 567 668 603 et
690 556 793 604 aliis
815 556 956 620 signis
977 556 1238 603 declaratus
1258 557 1306 603 in
1321 556 1524 622 populis,
1545 558 1781 622 episcopa·

377 644 451 681 tus
467 634 538 680 sui
555 651 682 681 anno
698 651 810 692 xxn,
830 644 962 682 aetate
975 635 1290 697 sexagenaria,
1312 635 1524 698 migravit
1539 635 1599 681 ad
1621 635 1783 683 Chris-

376 721 495 758 tum.
521 712 614 769 Qui
633 711 748 757 dum
766 711 962 758 serretur
980 711 1039 758 ad
1052 711 1393 776 sepeliendum,
1419 727 1567 758 caecus
1589 711 1781 775 quidam

376 803 425 833 se
451 786 539 834 sub
571 787 740 834 feretro
779 787 1003 851 flagitavit
1026 787 1216 841 adduci,
1250 788 1500 851 statimque
1531 787 1780 850 ingressus,

377 863 533 910 vultus
546 864 626 911 diu
641 865 1061 923 lumineviduatus,
1075 865 1288 912 reseratis
1304 864 1465 923 oculis,
1478 864 1753 911 adornatur¹
1769 882 1781 910 z

377 956 464 986 nec
485 939 661 986 distulit
681 939 841 988 divina
856 941 1003 1005 pietas
1017 940 1181 987 beatos
1203 950 1331 987 artus
1349 940 1609 1003 glorificare
1623 940 1780 1002 signis,

375 1017 508 1079 cujus
531 1016 714 1064 beatam
735 1019 942 1065 animam
967 1034 1075 1065 cum
1091 1018 1247 1065 clioris
1266 1018 1485 1081 angelicis
1506 1017 1787 1083 suscipiebat

377 1094 423 1139 in
448 1095 598 1140 astris.
630 1097 736 1140 Post
766 1094 867 1142 dies
893 1105 1050 1142 autem
1079 1111 1199 1158 quos
1229 1095 1303 1142 lex
1330 1098 1539 1142 Romana
1567 1095 1780 1154 sancivit,

376 1179 427 1216 ut
449 1170 658 1217 defuncti
683 1171 943 1235 cujuspiam
966 1172 1183 1219 voluntas
1207 1171 1392 1235 publice
1425 1171 1671 1234 relegatur,
1694 1171 1787 1218 hu-

369 1247 449 1310 jus
465 1248 681 1294 antistitis
703 1258 1032 1295 testamentum
1064 1250 1112 1295 in
1139 1248 1242 1294 foro
1268 1249 1494 1306 delatum,
1521 1248 1668 1295 turbis
1695 1248 1784 1295 cir-

376 1312 736 1385 cumstantibus,
776 1341 801 1371 a
830 1325 991 1389 judice
1025 1334 1280 1372 reseratum
1315 1325 1653 1387 recitatumque
1695 1334 1781 1371 est.

379 1402 624 1465 Presbyter
663 1419 855 1467 quoque
888 1402 1088 1450 basilicae
1120 1413 1306 1449 tumens
1337 1401 1468 1462 felle,
1509 1401 1641 1466 quod
1668 1401 1785 1448 nihil

375 1479 480 1526 loco
504 1480 570 1526 illi
604 1481 651 1526 in
676 1497 775 1543 quo
798 1480 1006 1543 sepultus
1033 1479 1180 1525 fuerat
1214 1478 1491 1542 reliquisset,
1517 1479 1607 1525 ait:
1636 1498 1658 1521 α
1684 1478 1787 1524 Aie-

374 1555 490 1602 bant
513 1572 698 1620 semper
720 1556 930 1621 plerique
957 1555 1183 1602 stolidum
1211 1554 1347 1602 fuisse
1372 1555 1601 1601 Nicetium
1625 1572 1636 1600 :
1661 1570 1787 1600 nunc

375 1632 435 1678 ad
464 1631 699 1695 liquidum
726 1649 891 1679 verum
917 1648 1016 1678 esse
1050 1641 1192 1695 patet,
1223 1647 1333 1677 curn
1361 1630 1478 1677 nihil
1506 1630 1706 1678 basilicae
1735 1631 1782 1677 in

375 1726 468 1773 qua
497 1709 757 1757 tumulatus
785 1718 854 1755 est
881 1708 1127 1772 delegavit.
1161 1727 1181 1751 υ
1210 1708 1434 1771 Sequenti
1465 1718 1621 1754 autem
1647 1712 1786 1753 nocte

375 1788 590 1851 apparuit
614 1785 891 1851 presbytero
903 1802 1012 1832 cum
1031 1783 1220 1831 duobus
1233 1784 1482 1849 episcopis,
1505 1783 1552 1830 id
1569 1793 1638 1830 est
1653 1786 1786 1830 Justo

375 1873 516 1927 atque
536 1862 789 1922 Eucherio,
807 1863 853 1909 in
879 1871 1004 1908 veste
1030 1861 1238 1924 fulgenti,
1256 1861 1418 1908 dicens
1439 1860 1500 1908 ad
1523 1877 1631 1907 eos:
1658 1880 1680 1903 c<
1700 1860 1786 1907 Hic

377 1938 634 2002 presbyter,
667 1939 943 1984 sanctissimi
975 1938 1155 1997 fratres,
1189 1936 1495 2001 blasphemiis
1521 1953 1596 1983 me
1624 1936 1785 1984 obruit

371 2013 534 2060 dicens
575 2014 687 2077 quia
728 2013 843 2059 nihil
886 2012 1117 2059 facultatis
1156 2012 1420 2076 scripserim
1459 2012 1636 2076 templo
1671 2011 1784 2059 huic

371 2107 470 2155 quo
495 2090 766 2154 requiesc03
796 2100 843 2136 et
867 2091 1011 2137 nescit
1033 2091 1142 2153 quia
1173 2090 1404 2153 quidquid
1430 2079 1677 2154 pretiosius
1698 2089 1784 2138 ha-

371 2166 454 2212 bui
482 2165 658 2212 ibidem
690 2166 875 2229 reliqui,
914 2166 961 2212 id
994 2177 1061 2213 est
1090 2165 1274 2229 glebam
1295 2166 1508 2230 corporis
1539 2166 1648 2212 mei.
1679 2186 1702 2209 »
1730 2168 1786 2213 At

373 2243 436 2291 illi
459 2243 678 2290 dixerunt
697 2261 707 2289 ε
741 2264 762 2286 κ
787 2244 960 2306 Injuste
981 2242 1086 2289 fecit
1108 2253 1159 2289 ut
1182 2243 1448 2289 detraheret
1465 2259 1601 2289 servo
1622 2242 1724 2288 Dei.
1757 2262 1780 2286 2>

373 2324 734 2383 Conversusque
771 2329 960 2366 sanctus
991 2319 1052 2365 ad
1088 2319 1436 2383 presbyterum,
1481 2318 1648 2383 pugnis
1678 2318 1779 2384 pal-

373 2398 556 2461 misque
590 2406 750 2460 guttur
771 2397 873 2460 ejus
908 2396 1049 2456 illisit,
1081 2396 1244 2442 dicens
1277 2414 1288 2442 ε
1324 2416 1346 2438 α
1383 2399 1603 2442 Peccator
1620 2404 1784 2442 conte·

372 2474 535 2532 rende,
579 2473 741 2520 desine
781 2473 919 2519 stulte
960 2473 1109 2536 loqui.
1162 2492 1184 2516 »
1232 2473 1586 2536 Expergefactus
1624 2481 1783 2519 autem

371 2550 633 2614 presbyter,
650 2560 697 2597 tu
705 2544 915 2597 niefactis
932 2548 1146 2596 saucibus
1162 2549 1222 2595 ita
1237 2548 1484 2595 doloribus
1499 2542 1779 2605 coarctatur,

426 2724 485 2776 (l)
514 2725 609 2762 Vide
635 2724 702 2763 lib.
729 2724 777 2763 de
803 2725 911 2764 Glor.
933 2726 1036 2764 conf.
1065 2738 1150 2776 cap.
1173 2738 1258 2771 Lxx,
1283 2723 1387 2774 quod
1408 2731 1463 2761 est
1488 2722 1535 2760 de
1561 2722 1642 2770 ejus
1666 2722 1781 2759 mira-

373 2783 484 2821 culis.
504 2782 588 2834 (R.)
1794 2815 1811 2837 υ

393 2853 412 2872 ³
1821 2847 1824 2849 .
