2054 3450
382 300 429 335 38
746 299 811 333 DE
840 298 1026 334 GLORIA
1054 298 1405 335 CONFESSORUM
1412 325 1421 334 .

380 385 548 430 iterum
581 383 880 430 accendatur.
920 386 987 430 Ex
1021 401 1117 447 quo
1157 385 1263 432 oleo
1297 386 1575 450 plerumque
1609 385 1780 433 infirmi

380 459 724 507 medicamenta
747 460 1024 524 suscipiunt.
1130 450 1133 454 ⁸

932 631 1088 666 CAPUT
1113 631 1224 667 Lxx.

792 731 844 765 De
862 731 1028 766 Marcello
1047 732 1213 779 episcopo
1228 732 1368 768 Deensi.

438 850 541 896 Fuit
576 850 716 896 etiam
754 858 801 896 et
835 849 1079 896 Marcellus
1115 851 1337 897 Deensis¹
1367 849 1498 910 urbis
1533 849 1782 914 episcopus

380 925 636 990 magnificae
660 926 933 986 sanctitatiS‚
967 926 1027 972 ad
1051 927 1184 989 cujus
1209 927 1516 973 nihilominus
1545 925 1781 973 tumulum

377 1003 576 1066 lychnus
598 1019 824 1050 accensus
845 1002 1072 1050 diuturno
1096 1004 1247 1068 spatio
1279 1004 1436 1051 lucere
1469 1004 1587 1051 solet
1619 1022 1629 1050 z
1665 1020 1782 1068 prae-

374 1089 461 1125 stat
482 1096 539 1126 ex
563 1096 622 1126 eo
641 1079 749 1127 oleo
768 1080 916 1127 virtus
934 1081 1123 1126 Domini
1148 1081 1429 1128 medicinam
1453 1070 1666 1127 infirmis.

924 1248 1079 1284 CAPUT
1103 1248 1232 1283 LXXI.

734 1349 786 1383 De
801 1348 925 1384 Metria
943 1349 1158 1396 Aquensium
1181 1349 1415 1384 confessore⁹.

437 1468 767 1532 Aquensibus',
802 1470 942 1516 etiam
989 1478 1058 1516 est
1090 1485 1341 1516 concessus
1374 1468 1574 1532 inclytus
1608 1469 1782 1517 athleta

370 1545 595 1601 Mefflas‘,
624 1546 696 1591 vir
723 1545 771 1591 in
794 1562 1014 1610 corpore,
1031 1547 1165 1608 juxta
1195 1545 1439 1592 historiam
1463 1545 1661 1592 actionis
1682 1561 1781 1593 ma-

371 1620 550 1683 gnificae
572 1622 848 1681 sanctitatiS,
870 1631 917 1668 et
942 1621 1049 1668 licet
1071 1621 1348 1669 conditione
1367 1638 1546 1682 servus,
1572 1621 1692 1669 liber
1712 1631 1780 1670 ta-

371 1715 479 1745 men
505 1699 681 1762 justitia
716 1716 726 1744 :
760 1700 860 1763 qui,
892 1709 944 1746 ut
973 1699 1130 1746 ferunt
1155 1699 1360 1762 legentes
1384 1699 1652 1747 certaminis
1683 1700 1782 1763 ejus

370 1785 573 1831 textum,
613 1786 809 1839 peracto
841 1792 979 1823 cursu
1017 1776 1132 1823 boni
1169 1777 1326 1841 operis
1359 1792 1387 1822 a
1425 1775 1594 1823 saeculo
1628 1776 1782 1823 victor

371 1851 605 1908 abscessit,
630 1851 795 1916 saepius
808 1869 857 1898 se
878 1853 925 1898 in
949 1852 1078 1900 coelis
1098 1852 1268 1915 degere
1286 1852 1537 1899 virtutibus
1560 1851 1779 1898 manifes—

371 1928 428 1973 tis
461 1927 732 1974 ostendens.
773 1931 1003 1992 Tempore
1038 1928 1177 1991 igitur
1210 1928 1421 1992 quodam
1457 1944 1567 1974 cum
1598 1930 1779 1974 Franco

371 2003 619 2067 episcopus
640 2003 781 2066 huJus
799 2004 1038 2067 municipii
1059 2004 1302 2051 ecclesiam
1327 2003 1628 2067 gubernaret,
1652 2003 1780 2051 Chil-

371 2078 573 2139 dericus,
603 2080 684 2142 qui
706 2090 819 2126 tunc
838 2081 1019 2144 primus
1043 2080 1170 2143 apud
1190 2081 1473 2143 Sigibertum
1507 2096 1664 2144 regern
1693 2080 1778 2139 ha-

372 2154 591 2215 bebatur,
612 2156 768 2203 villam
789 2157 1155 2222 ejuscompetit,
1184 2157 1363 2215 dicens,
1394 2157 1505 2221 quia
1526 2157 1694 2220 injuste
1717 2156 1778 2203 ab
1812 2163 1819 2169 ²

371 2233 573 2295 Aquensi
599 2233 791 2279 ecclesia
815 2235 1110 2281 retineretur.
1143 2238 1197 2280 Et
1229 2234 1357 2281 dicto
1383 2235 1518 2281 citius
1549 2235 1777 2280 conveni-

370 2318 447 2355 tur
481 2309 732 2373 episcopus
760 2329 768 2355 :
804 2310 1019 2375 datisque
1054 2311 1421 2375 fidejussoribus,
1459 2312 1507 2357 in
1534 2312 1779 2374 praesentia

425 2473 481 2526 (1)
507 2473 613 2513 Colb.
631 2476 670 2521 2,
691 2474 791 2512 Clar.
811 2487 833 2512 a
853 2483 890 2513 et
908 2474 1021 2523 Bad.‚
1043 2477 1211 2513 Diem-is.
1235 2477 1406 2525 Utraque
1424 2474 1538 2513 lectio
1557 2474 1673 2515 bona.
1695 2475 1778 2528 (R.)

370 2555 421 2562 —
449 2535 616 2582 Deensis,
641 2533 876 2571 correctione
892 2535 1060 2579 Diensis,
1083 2534 1210 2581 22053
1229 2536 1395 2581 Diensis,
1416 2535 1535 2571 2791.
1594 2568 1599 2578 ,

423 2593 476 2639 (2)
503 2594 562 2628 De
578 2600 704 2627 sancto
720 2593 859 2629 Mitria
877 2594 1044 2640 Aquensi
1061 2596 1247 2642 episcopo,
1269 2594 1387 2631 2791.

423 2652 477 2698 (3)
505 2650 732 2699 Aquinsibus
766 2658 802 2687 et
826 2663 949 2701 *supra
980 2654 1227 2700 Aquinsium;
1266 2651 1365 2688 infra
1393 2652 1575 2700 Aquinsi,
1607 2652 1710 2688 2204
1738 2660 1776 2690 et

371 2711 495 2756 2205;
514 2711 645 2758 Aquen
665 2737 745 2755 .....
769 2710 887 2748 2791.

421 2768 472 2820 (4)
499 2768 573 2806 Alii
592 2769 706 2816 (inter
723 2781 820 2818 quos
843 2770 962 2816 2204,
985 2771 1103 2819 2205)
1123 2772 1277 2806 Mitrias
1296 2777 1332 2806 et
1349 2768 1448 2806 infra
1465 2771 1613 2808 Metrii.
1637 2767 1722 2820 (R.)
