2054 3450
427 315 501 350 304
939 314 1069 349 VITAE
1096 314 1314 350 PATRUM.

423 399 774 463 impedimentis
795 435 807 458 ,
842 409 888 446 et
923 400 987 446 ita
1023 416 1100 446 me
1136 400 1293 447 fovere
1327 400 1544 463 dignatus
1574 417 1624 447 es
1661 402 1707 448 in
1737 402 1830 449 hoc

423 476 617 534 saeculo,
658 486 708 521 ut
743 475 861 521 nihil
890 492 1028 522 suum
1060 477 1109 522 in
1145 493 1220 522 me
1251 485 1416 523 auctor
1458 477 1666 524 criminis
1700 478 1830 526 inve-

422 552 560 598 niret.
593 572 615 595 »
644 555 698 598 Et
720 569 976 599 conversus
1004 552 1064 600 ad
1095 553 1281 617 plebem
1300 589 1311 610 ,
1332 553 1395 599 ait
1425 570 1436 597 ε
1467 573 1488 595 «
1517 553 1826 617 Magnificate,

422 645 580 692 quaeso
600 666 613 690 ,
662 629 978 687 dilectissimi,
1030 629 1290 675 Dominum
1342 645 1527 676 mecum
1574 639 1621 676 et
1664 631 1830 678 exalte-

423 721 528 752 mus
571 723 749 753 nomen
797 707 897 770 ejus
943 707 992 752 in
1040 722 1297 753 commune
1315 743 1327 765 ‚
1376 706 1459 769 qui
1498 721 1575 752 me
1621 716 1829 755 erectum

421 782 481 829 de
511 794 743 838 stercore,
781 792 968 829 erutum
1006 781 1066 829 de
1102 782 1403 829 tenebrarum
1448 798 1615 847 opere,
1657 785 1830 831 amico-

421 878 526 906 rum
566 878 761 907 suorum
789 860 897 907 fecit
937 877 1035 908 esse
1070 870 1362 920 consortem3
1402 861 1485 925 qui
1521 861 1647 907 misit
1680 877 1830 924 ange-

419 936 519 983 lum
567 954 705 984 suum
753 936 815 984 ad
858 954 932 983 me
979 937 1315 984 accersendum
1358 937 1418 984 ab
1466 937 1555 984 hac
1589 938 1830 986 mundana

420 1013 645 1074 statione,
683 1022 728 1060 et
762 1013 996 1077 pollicitus
1039 1024 1108 1061 est
1147 1030 1222 1059 me
1253 1014 1301 1059 in
1340 1014 1553 1078 requiem
1583 1015 1832 1078 sempiter-

420 1106 531 1136 nam
580 1091 839 1154 perducere
857 1127 869 1150 ,
920 1100 969 1136 ut
1023 1089 1203 1154 collega
1248 1090 1412 1137 amicis
1455 1091 1556 1153 ejus
1607 1090 1827 1151 effectus,

420 1183 624 1214 mererer
663 1184 807 1230 regno
843 1168 944 1231 ejus
979 1167 1165 1214 ascribi.
1202 1187 1224 1210 »
1261 1170 1303 1214 O
1333 1167 1526 1214 beatum
1557 1168 1710 1214 virum
1747 1169 1829 1232 qui

420 1244 480 1290 ita
503 1244 737 1291 consolari
754 1245 923 1291 meruit
939 1245 987 1290 in
1000 1244 1095 1291 hoc
1114 1261 1332 1308 corpore,
1353 1254 1405 1290 ut
1426 1245 1553 1307 prius
1572 1260 1828 1307 cognosce-

419 1331 489 1368 ret
509 1321 638 1385 quod
669 1331 769 1367 erat
800 1321 1025 1367 fruiturus
1055 1322 1103 1367 in
1136 1321 1255 1368 coelo
1284 1338 1426 1385 quam
1450 1322 1674 1384 migraret
1693 1338 1721 1368 a
1745 1337 1827 1368 sae·

417 1398 545 1456 culo,
567 1399 833 1461 meruitque
852 1397 929 1444 hic
949 1397 1163 1444 obtinere
1185 1397 1314 1462 apud
1333 1397 1543 1444 divinam
1565 1398 1828 1462 potentiam

417 1475 548 1537 quod
586 1474 736 1522 David
768 1475 934 1539 saepius
963 1473 1245 1522 decantabat
1273 1491 1283 1519 ε
1326 1494 1348 1516 ι(
1381 1477 1555 1520 Notum
1586 1474 1658 1521 fac
1679 1473 1823 1530 mihi,

417 1552 638 1611 Domine,
666 1551 809 1598 finem
836 1567 1013 1610 meum,
1040 1561 1086 1597 et
1106 1567 1357 1597 numerum
1381 1550 1564 1597 dierum
1588 1567 1824 1610 meorum,

417 1639 470 1676 ut
491 1628 636 1676 sciam
654 1628 770 1692 quid
792 1628 912 1675 desit
933 1627 1065 1674 mihi.
1098 1648 1120 1670 »
1147 1627 1332 1674 Dehinc
1353 1627 1503 1674 humo
1525 1626 1822 1686 incumbens,

416 1706 632 1770 spiritum
658 1704 779 1752 coelo
805 1705 1038 1753 intentum
1061 1705 1282 1770 praemisit
1303 1705 1366 1752 ad
1388 1705 1667 1752 Dominum.
1696 1707 1828 1752 Tunc

417 1801 583 1832 omnes
608 1785 656 1831 in
683 1785 795 1831 fletu
820 1785 1062 1850 prostrati,
1088 1784 1167 1831 alii
1202 1785 1385 1849 plantas
1419 1783 1712 1845 osculantur,
1751 1784 1827 1831 alii

416 1862 625 1909 fimbrias
651 1862 915 1909 vestimenti
945 1862 1191 1927 diripiunt,
1224 1861 1302 1908 alii
1335 1861 1395 1909 de
1424 1862 1602 1926 pariete
1631 1861 1826 1909 beatum

415 1941 693 2002 sanguinem
715 1941 797 2002 qui
829 1938 888 1985 ab
913 1939 1011 2001 ejus
1045 1939 1196 1985 fuerat
1231 1955 1314 1986 ore
1346 1940 1604 2003 projectus,
1631 1940 1753 1985 inter
1777 1955 1826 1986 se

415 2027 648 2063 certantes
679 2015 951 2062 excudunt:
985 2016 1210 2062 miserum
1235 2031 1285 2062 se
1314 2016 1512 2079 quisque
1543 2014 1751 2074 dicebat,
1787 2015 1826 2062 si

390 2091 640 2153 ,immunis
680 2090 741 2136 ab
775 2091 875 2153 ejus
912 2089 1191 2154 pignoribus
1227 2089 1527 2136 discessisset.
1570 2090 1714 2136 Testis
1756 2098 1826 2135 est

416 2167 655 2231 hodieque
675 2167 833 2231 etipse
855 2167 1027 2231 paries,
1055 2167 1137 2231 qui
1161 2175 1228 2212 tot
1251 2166 1434 2214 fossulis
1455 2175 1599 2231 patet,
1624 2175 1744 2229 quot
1764 2165 1825 2212 ab

416 2261 499 2291 ore
535 2243 663 2291 beati
695 2243 976 2290 confessoris
1005 2253 1168 2308 sputos
1199 2244 1429 2290 emeruit:
1470 2243 1596 2291 testis
1628 2253 1697 2289 est
1724 2243 1825 2308 ipse

415 2321 590 2368 canalis
613 2321 673 2368 de
697 2338 795 2385 quo
826 2321 895 2367 vir
917 2321 1080 2367 beatus
1102 2336 1274 2384 aquam
1298 2319 1497 2385 sumpsit
1521 2319 1581 2367 ad
1605 2336 1738 2380 usus,
1764 2319 1825 2367 de

416 2415 514 2462 quo
537 2397 738 2445 fideliter
760 2397 1028 2445 osculantes
1048 2397 1274 2445 hauriunt
1296 2398 1560 2444 sanitatem.
1587 2399 1706 2444 Nam
1729 2395 1826 2443 vidi

415 2492 504 2539 ego
530 2475 721 2534 multos,
751 2475 862 2538 qui
867 2474 1054 2522 evulsos
1083 2491 1111 2522 a
1133 2475 1307 2539 pariete
1333 2474 1499 2522 sacrati
1522 2474 1619 2520 oris
1638 2482 1819 2537 sputos,

416 2553 465 2599 in
499 2552 693 2601 diversis
730 2550 1091 2599 infirmitatibus
1125 2552 1265 2615 positi
1298 2559 1575 2623 meruerunt
1609 2549 1823 2614 accipere

416 2627 719 2676 medicinam.

482 2707 529 2752 3.
552 2695 777 2769 Denique
801 2704 913 2763 hoc,
938 2714 991 2751 ut
1011 2703 1232 2762 diximus,
1257 2703 1501 2763 defuncto,
1524 2702 1673 2750 adfuit
1693 2719 1821 2767 quae-

419 2781 529 2829 dam
548 2792 782 2841 matrona,
807 2798 910 2845 quae
933 2765 1147 2829 ablutum
1170 2781 1321 2843 dignis
1338 2779 1492 2827 induit
1514 2779 1818 2839 vestimentis,
