<?xml version="1.0" encoding="UTF-8"?>
<!DOCTYPE html PUBLIC "-//W3C//DTD XHTML 1.0 Transitional//EN"
    "http://www.w3.org/TR/xhtml1/DTD/xhtml1-transitional.dtd">
<html xmlns="http://www.w3.org/1999/xhtml" xml:lang="en" lang="en">
 <head>
  <title>
</title>
<meta http-equiv="Content-Type" content="text/html;charset=utf-8" />
  <meta name='ocr-system' content='tesseract 3.04.00' />
  <meta name='ocr-capabilities' content='ocr_page ocr_carea ocr_par ocr_line ocrx_word'/>
</head>
<body>
  <div class='ocr_page' id='page_1' title='image "./leslivresdesmira03greguoft_0306.png"; bbox 0 0 2054 3450; ppageno 0'>
   <div class='ocr_carea' id='block_1_1' title="bbox 458 333 1345 373">
    <p class='ocr_par' dir='ltr' id='par_1_1' title="bbox 458 333 1345 373">
     <span class='ocr_line' id='line_1_1' title="bbox 458 333 1345 373; baseline -0.001 -2"><span class='ocrx_word' id='word_1_1' title='bbox 458 336 535 373; x_wconf 81' lang='lat'>290</span> <span class='ocrx_word' id='word_1_2' title='bbox 971 334 1100 369; x_wconf 84' lang='lat' dir='ltr'>vlTAE</span> <span class='ocrx_word' id='word_1_3' title='bbox 1127 333 1291 370; x_wconf 88' lang='lat' dir='ltr'><strong>PATRU</strong></span> <span class='ocrx_word' id='word_1_4' title='bbox 1296 334 1329 368; x_wconf 88' lang='lat' dir='ltr'>M</span> <span class='ocrx_word' id='word_1_5' title='bbox 1336 360 1345 370; x_wconf 92' lang='lat'><strong>.</strong></span> 
     </span>
    </p>
   </div>
   <div class='ocr_carea' id='block_1_2' title="bbox 431 419 1867 1333">
    <p class='ocr_par' dir='ltr' id='par_1_2' title="bbox 431 419 1867 1333">
     <span class='ocr_line' id='line_1_2' title="bbox 456 419 1859 480; baseline -0.001 -13"><span class='ocrx_word' id='word_1_6' title='bbox 456 422 543 468; x_wconf 90' lang='lat' dir='ltr'>Dei</span> <span class='ocrx_word' id='word_1_7' title='bbox 578 421 823 467; x_wconf 88' lang='lat' dir='ltr'>hominem</span> <span class='ocrx_word' id='word_1_8' title='bbox 856 436 885 467; x_wconf 91' lang='lat' dir='ltr'>a</span> <span class='ocrx_word' id='word_1_9' title='bbox 918 421 1116 467; x_wconf 89' lang='lat' dir='ltr'>terrenis</span> <span class='ocrx_word' id='word_1_10' title='bbox 1147 419 1378 480; x_wconf 90' lang='lat' dir='ltr'>sublevat,</span> <span class='ocrx_word' id='word_1_11' title='bbox 1413 420 1473 467; x_wconf 90' lang='lat' dir='ltr'>ad</span> <span class='ocrx_word' id='word_1_12' title='bbox 1501 421 1645 468; x_wconf 90' lang='lat' dir='ltr'>coelos</span> <span class='ocrx_word' id='word_1_13' title='bbox 1678 429 1859 477; x_wconf 87' lang='lat' dir='ltr'>evocat,</span> 
     </span>
     <span class='ocr_line' id='line_1_3' title="bbox 431 485 1865 562; baseline -0.001 -18"><span class='ocrx_word' id='word_1_14' title='bbox 431 485 677 562; x_wconf 24' lang='lat' dir='ltr'>&#39;paradiso</span> <span class='ocrx_word' id='word_1_15' title='bbox 712 497 854 556; x_wconf 85' lang='lat' dir='ltr'>locat,</span> <span class='ocrx_word' id='word_1_16' title='bbox 891 497 941 543; x_wconf 91' lang='lat' dir='ltr'>in</span> <span class='ocrx_word' id='word_1_17' title='bbox 975 514 1071 561; x_wconf 92' lang='lat' dir='ltr'>quo</span> <span class='ocrx_word' id='word_1_18' title='bbox 1104 497 1310 543; x_wconf 91' lang='lat' dir='ltr'>felicium</span> <span class='ocrx_word' id='word_1_19' title='bbox 1339 499 1508 544; x_wconf 86' lang='lat' dir='ltr'>animae</span> <span class='ocrx_word' id='word_1_20' title='bbox 1535 514 1590 544; x_wconf 87' lang='lat' dir='ltr'>ex</span> <span class='ocrx_word' id='word_1_21' title='bbox 1615 497 1736 543; x_wconf 89' lang='lat' dir='ltr'>illius</span> <span class='ocrx_word' id='word_1_22' title='bbox 1758 497 1865 543; x_wconf 90' lang='lat' dir='ltr'>vitis</span> 
     </span>
     <span class='ocr_line' id='line_1_4' title="bbox 455 573 1863 640; baseline -0.001 -18"><span class='ocrx_word' id='word_1_23' title='bbox 455 575 607 622; x_wconf 83' lang='lat' dir='ltr'>vitalis</span> <span class='ocrx_word' id='word_1_24' title='bbox 637 585 828 640; x_wconf 89' lang='lat' dir='ltr'>sumpto</span> <span class='ocrx_word' id='word_1_25' title='bbox 866 575 963 621; x_wconf 89' lang='lat' dir='ltr'>vini</span> <span class='ocrx_word' id='word_1_26' title='bbox 997 574 1110 622; x_wconf 79' lang='lat' dir='ltr'>novi</span> <span class='ocrx_word' id='word_1_27' title='bbox 1138 574 1322 638; x_wconf 85' lang='lat' dir='ltr'>liquore</span> <span class='ocrx_word' id='word_1_28' title='bbox 1356 573 1607 640; x_wconf 84' lang='lat' dir='ltr'><strong>epulantur</strong></span> <span class='ocrx_word' id='word_1_29' title='bbox 1634 576 1683 622; x_wconf 91' lang='lat' dir='ltr'>in</span> <span class='ocrx_word' id='word_1_30' title='bbox 1716 590 1863 637; x_wconf 85' lang='lat' dir='ltr'>regno</span> 
     </span>
     <span class='ocr_line' id='line_1_5' title="bbox 455 650 1865 716; baseline -0.001 -17"><span class='ocrx_word' id='word_1_31' title='bbox 455 653 559 699; x_wconf 90' lang='lat' dir='ltr'>Dei.</span> <span class='ocrx_word' id='word_1_32' title='bbox 595 652 870 699; x_wconf 88' lang='lat' dir='ltr'>Desiderare</span> <span class='ocrx_word' id='word_1_33' title='bbox 899 668 1011 716; x_wconf 88' lang='lat' dir='ltr'>ergo</span> <span class='ocrx_word' id='word_1_34' title='bbox 1040 651 1291 716; x_wconf 84' lang='lat' dir='ltr'>oportebat</span> <span class='ocrx_word' id='word_1_35' title='bbox 1327 651 1546 698; x_wconf 88' lang='lat' dir='ltr'>homines</span> <span class='ocrx_word' id='word_1_36' title='bbox 1581 650 1722 714; x_wconf 88' lang='lat' dir='ltr'>hujus</span> <span class='ocrx_word' id='word_1_37' title='bbox 1759 651 1865 697; x_wconf 84' lang='lat' dir='ltr'>vitis</span> 
     </span>
     <span class='ocr_line' id='line_1_6' title="bbox 453 719 1863 792; baseline 0 -18"><span class='ocrx_word' id='word_1_38' title='bbox 453 728 646 776; x_wconf 91' lang='lat' dir='ltr'>haurire</span> <span class='ocrx_word' id='word_1_39' title='bbox 666 729 956 792; x_wconf 84' lang='lat' dir='ltr'><strong>mysterium,</strong></span> <span class='ocrx_word' id='word_1_40' title='bbox 980 738 1033 775; x_wconf 93' lang='lat' dir='ltr'>ut</span> <span class='ocrx_word' id='word_1_41' title='bbox 1054 728 1279 776; x_wconf 84' lang='lat' dir='ltr'>accedere</span> <span class='ocrx_word' id='word_1_42' title='bbox 1302 727 1513 775; x_wconf 87' lang='lat' dir='ltr'>valerent</span> <span class='ocrx_word' id='word_1_43' title='bbox 1530 726 1587 773; x_wconf 86' lang='lat' dir='ltr'>ad</span> <span class='ocrx_word' id='word_1_44' title='bbox 1614 719 1747 774; x_wconf 89' lang='lat' dir='ltr'>illum</span> <span class='ocrx_word' id='word_1_45' title='bbox 1767 737 1863 775; x_wconf 89' lang='lat' dir='ltr'>tam</span> 
     </span>
     <span class='ocr_line' id='line_1_7' title="bbox 447 806 1864 870; baseline 0.001 -17"><span class='ocrx_word' id='word_1_46' title='bbox 447 806 670 870; x_wconf 89' lang='lat' dir='ltr'>jucundae</span> <span class='ocrx_word' id='word_1_47' title='bbox 701 806 1006 854; x_wconf 85' lang='lat' dir='ltr'>habitationis</span> <span class='ocrx_word' id='word_1_48' title='bbox 1045 808 1419 855; x_wconf 86' lang='lat' dir='ltr'>amoenissimum</span> <span class='ocrx_word' id='word_1_49' title='bbox 1448 808 1624 854; x_wconf 89' lang='lat' dir='ltr'>locum.</span> <span class='ocrx_word' id='word_1_50' title='bbox 1655 807 1799 865; x_wconf 90' lang='lat' dir='ltr'>Quod</span> <span class='ocrx_word' id='word_1_51' title='bbox 1827 808 1864 854; x_wconf 89' lang='lat' dir='ltr'>si</span> 
     </span>
     <span class='ocr_line' id='line_1_8' title="bbox 452 883 1866 948; baseline 0 -18"><span class='ocrx_word' id='word_1_52' title='bbox 452 883 549 930; x_wconf 86' lang='lat' dir='ltr'>istae</span> <span class='ocrx_word' id='word_1_53' title='bbox 575 900 692 947; x_wconf 87' lang='lat' dir='ltr'>quas</span> <span class='ocrx_word' id='word_1_54' title='bbox 713 901 843 931; x_wconf 90' lang='lat' dir='ltr'>nunc</span> <span class='ocrx_word' id='word_1_55' title='bbox 867 885 1107 931; x_wconf 90' lang='lat' dir='ltr'>cernimus</span> <span class='ocrx_word' id='word_1_56' title='bbox 1130 885 1263 943; x_wconf 89' lang='lat' dir='ltr'>vites,</span> <span class='ocrx_word' id='word_1_57' title='bbox 1292 901 1395 948; x_wconf 87' lang='lat' dir='ltr'>quae</span> <span class='ocrx_word' id='word_1_58' title='bbox 1426 900 1507 948; x_wconf 87' lang='lat' dir='ltr'>per</span> <span class='ocrx_word' id='word_1_59' title='bbox 1537 883 1755 931; x_wconf 81' lang='lat' dir='ltr'>traduces</span> <span class='ocrx_word' id='word_1_60' title='bbox 1776 900 1866 930; x_wconf 88' lang='lat' dir='ltr'>ex-</span> 
     </span>
     <span class='ocr_line' id='line_1_9' title="bbox 453 960 1865 1026; baseline 0.001 -20"><span class='ocrx_word' id='word_1_61' title='bbox 453 969 610 1021; x_wconf 85' lang='lat' dir='ltr'>tensae,</span> <span class='ocrx_word' id='word_1_62' title='bbox 634 961 814 1008; x_wconf 88' lang='lat' dir='ltr'>emissis</span> <span class='ocrx_word' id='word_1_63' title='bbox 831 961 1103 1026; x_wconf 85' lang='lat' dir='ltr'>palmitibus</span> <span class='ocrx_word' id='word_1_64' title='bbox 1123 962 1350 1026; x_wconf 89' lang='lat' dir='ltr'>pampino</span> <span class='ocrx_word' id='word_1_65' title='bbox 1367 962 1569 1019; x_wconf 82' lang='lat' dir='ltr'>intextae,</span> <span class='ocrx_word' id='word_1_66' title='bbox 1593 960 1865 1026; x_wconf 89' lang='lat' dir='ltr'>dependen-</span> 
     </span>
     <span class='ocr_line' id='line_1_10' title="bbox 451 1036 1865 1104; baseline 0.001 -21"><span class='ocrx_word' id='word_1_67' title='bbox 451 1036 578 1084; x_wconf 90' lang='lat' dir='ltr'>tibus</span> <span class='ocrx_word' id='word_1_68' title='bbox 598 1040 721 1098; x_wconf 91' lang='lat' dir='ltr'>uvis,</span> <span class='ocrx_word' id='word_1_69' title='bbox 745 1054 933 1085; x_wconf 85' lang='lat' dir='ltr'>amoena</span> <span class='ocrx_word' id='word_1_70' title='bbox 955 1055 1043 1086; x_wconf 90' lang='lat' dir='ltr'>nos</span> <span class='ocrx_word' id='word_1_71' title='bbox 1062 1039 1464 1104; x_wconf 83' lang='lat' dir='ltr'>contemplatione</span> <span class='ocrx_word' id='word_1_72' title='bbox 1478 1037 1732 1094; x_wconf 87' lang='lat' dir='ltr'>laetificant,</span> <span class='ocrx_word' id='word_1_73' title='bbox 1749 1037 1865 1084; x_wconf 91' lang='lat' dir='ltr'>dum</span> 
     </span>
     <span class='ocr_line' id='line_1_11' title="bbox 451 1115 1866 1180; baseline -0.001 -19"><span class='ocrx_word' id='word_1_74' title='bbox 451 1130 550 1161; x_wconf 92' lang='lat' dir='ltr'>non</span> <span class='ocrx_word' id='word_1_75' title='bbox 577 1115 734 1162; x_wconf 88' lang='lat' dir='ltr'>solum</span> <span class='ocrx_word' id='word_1_76' title='bbox 760 1116 1009 1180; x_wconf 84' lang='lat' dir='ltr'>proferunt</span> <span class='ocrx_word' id='word_1_77' title='bbox 1035 1118 1224 1180; x_wconf 87' lang='lat' dir='ltr'>copiam</span> <span class='ocrx_word' id='word_1_78' title='bbox 1250 1117 1507 1174; x_wconf 87' lang='lat' dir='ltr'>fructuum,</span> <span class='ocrx_word' id='word_1_79' title='bbox 1536 1131 1701 1162; x_wconf 88' lang='lat' dir='ltr'>verum</span> <span class='ocrx_word' id='word_1_80' title='bbox 1725 1115 1866 1162; x_wconf 91' lang='lat' dir='ltr'>etiam</span> 
     </span>
     <span class='ocr_line' id='line_1_12' title="bbox 451 1190 1866 1257; baseline 0 -20"><span class='ocrx_word' id='word_1_81' title='bbox 451 1201 727 1255; x_wconf 89' lang='lat' dir='ltr'>opportuno</span> <span class='ocrx_word' id='word_1_82' title='bbox 765 1208 854 1238; x_wconf 92' lang='lat' dir='ltr'>nos</span> <span class='ocrx_word' id='word_1_83' title='bbox 895 1191 1176 1239; x_wconf 91' lang='lat' dir='ltr'>umbraculo</span> <span class='ocrx_word' id='word_1_84' title='bbox 1209 1202 1464 1257; x_wconf 86' lang='lat' dir='ltr'>protegunt</span> <span class='ocrx_word' id='word_1_85' title='bbox 1498 1192 1632 1255; x_wconf 87' lang='lat' dir='ltr'>igniti</span> <span class='ocrx_word' id='word_1_86' title='bbox 1664 1191 1775 1238; x_wconf 92' lang='lat' dir='ltr'>solis</span> <span class='ocrx_word' id='word_1_87' title='bbox 1806 1190 1866 1238; x_wconf 90' lang='lat' dir='ltr'>ab</span> 
     </span>
     <span class='ocr_line' id='line_1_13' title="bbox 450 1267 1867 1333; baseline 0.001 -21"><span class='ocrx_word' id='word_1_88' title='bbox 450 1275 581 1326; x_wconf 87' lang='lat' dir='ltr'>aestu,</span> <span class='ocrx_word' id='word_1_89' title='bbox 609 1283 727 1331; x_wconf 89' lang='lat' dir='ltr'>quas</span> <span class='ocrx_word' id='word_1_90' title='bbox 749 1268 921 1314; x_wconf 88' lang='lat' dir='ltr'>scimus</span> <span class='ocrx_word' id='word_1_91' title='bbox 949 1277 1058 1333; x_wconf 91' lang='lat' dir='ltr'>post</span> <span class='ocrx_word' id='word_1_92' title='bbox 1081 1278 1376 1333; x_wconf 87' lang='lat' dir='ltr'>assumptum</span> <span class='ocrx_word' id='word_1_93' title='bbox 1406 1269 1610 1315; x_wconf 87' lang='lat' dir='ltr'>fructum</span> <span class='ocrx_word' id='word_1_94' title='bbox 1638 1267 1867 1332; x_wconf 89' lang='lat' dir='ltr'>temporis</span> 
     </span>
    </p>
   </div>
   <div class='ocr_carea' id='block_1_3' title="bbox 450 1343 1865 1485">
    <p class='ocr_par' dir='ltr' id='par_1_3' title="bbox 450 1343 1865 1485">
     <span class='ocr_line' id='line_1_14' title="bbox 450 1343 1865 1409; baseline 0.001 -20"><span class='ocrx_word' id='word_1_95' title='bbox 450 1343 647 1408; x_wconf 90' lang='lat' dir='ltr'>legitimi</span> <span class='ocrx_word' id='word_1_96' title='bbox 668 1343 881 1392; x_wconf 89' lang='lat' dir='ltr'>deciduis</span> <span class='ocrx_word' id='word_1_97' title='bbox 904 1343 1026 1392; x_wconf 89' lang='lat' dir='ltr'>foliis</span> <span class='ocrx_word' id='word_1_98' title='bbox 1045 1346 1178 1409; x_wconf 90' lang='lat' dir='ltr'>quasi</span> <span class='ocrx_word' id='word_1_99' title='bbox 1198 1345 1352 1392; x_wconf 87' lang='lat' dir='ltr'>aridas</span> <span class='ocrx_word' id='word_1_100' title='bbox 1374 1345 1538 1404; x_wconf 88' lang='lat' dir='ltr'>reddi;</span> <span class='ocrx_word' id='word_1_101' title='bbox 1564 1353 1744 1409; x_wconf 89' lang='lat' dir='ltr'>quanto</span> <span class='ocrx_word' id='word_1_102' title='bbox 1770 1359 1865 1390; x_wconf 87' lang='lat' dir='ltr'>ma·</span> 
     </span>
     <span class='ocr_line' id='line_1_15' title="bbox 451 1420 1862 1485; baseline -0.001 -18"><span class='ocrx_word' id='word_1_103' title='bbox 451 1421 519 1484; x_wconf 87' lang='lat' dir='ltr'>gis</span> <span class='ocrx_word' id='word_1_104' title='bbox 542 1421 619 1468; x_wconf 91' lang='lat' dir='ltr'>illa</span> <span class='ocrx_word' id='word_1_105' title='bbox 642 1421 910 1468; x_wconf 90' lang='lat' dir='ltr'>desiderare</span> <span class='ocrx_word' id='word_1_106' title='bbox 933 1422 1177 1483; x_wconf 87' lang='lat' dir='ltr'>debemus,</span> <span class='ocrx_word' id='word_1_107' title='bbox 1206 1438 1309 1485; x_wconf 89' lang='lat' dir='ltr'>quae</span> <span class='ocrx_word' id='word_1_108' title='bbox 1331 1422 1463 1468; x_wconf 92' lang='lat' dir='ltr'>nullo</span> <span class='ocrx_word' id='word_1_109' title='bbox 1487 1420 1582 1467; x_wconf 83' lang='lat' dir='ltr'>fine</span> <span class='ocrx_word' id='word_1_110' title='bbox 1612 1420 1862 1479; x_wconf 79' lang='lat' dir='ltr'>deficium3</span> 
     </span>
    </p>
   </div>
   <div class='ocr_carea' id='block_1_4' title="bbox 451 1496 1941 1561">
    <p class='ocr_par' dir='ltr' id='par_1_4' title="bbox 451 1496 1941 1561">
     <span class='ocr_line' id='line_1_16' title="bbox 451 1496 1941 1561; baseline -0.001 -18"><span class='ocrx_word' id='word_1_111' title='bbox 451 1513 606 1561; x_wconf 91' lang='lat' dir='ltr'>neque</span> <span class='ocrx_word' id='word_1_112' title='bbox 626 1497 723 1545; x_wconf 86' lang='lat' dir='ltr'>ullo</span> <span class='ocrx_word' id='word_1_113' title='bbox 743 1499 1015 1545; x_wconf 87' lang='lat' dir='ltr'>tentationis</span> <span class='ocrx_word' id='word_1_114' title='bbox 1040 1508 1151 1545; x_wconf 87' lang='lat' dir='ltr'>aestu</span> <span class='ocrx_word' id='word_1_115' title='bbox 1177 1508 1505 1545; x_wconf 89' lang='lat' dir='ltr'>marcescunt:</span> <span class='ocrx_word' id='word_1_116' title='bbox 1524 1496 1624 1555; x_wconf 89' lang='lat' dir='ltr'>ubi,</span> <span class='ocrx_word' id='word_1_117' title='bbox 1651 1513 1734 1561; x_wconf 90' lang='lat' dir='ltr'>spe</span> <span class='ocrx_word' id='word_1_118' title='bbox 1752 1512 1866 1560; x_wconf 88' lang='lat' dir='ltr'>prae-</span> <span class='ocrx_word' id='word_1_119' title='bbox 1939 1554 1941 1557; x_wconf 18' lang='grc' dir='ltr'><strong><em>ι</em></strong></span> 
     </span>
    </p>
   </div>
   <div class='ocr_carea' id='block_1_5' title="bbox 447 1573 1867 2864">
    <p class='ocr_par' dir='ltr' id='par_1_5' title="bbox 448 1573 1867 2097">
     <span class='ocr_line' id='line_1_17' title="bbox 450 1573 1861 1640; baseline -0.001 -20"><span class='ocrx_word' id='word_1_120' title='bbox 450 1574 604 1634; x_wconf 87' lang='lat' dir='ltr'>terita‚</span> <span class='ocrx_word' id='word_1_121' title='bbox 635 1590 709 1621; x_wconf 88' lang='lat' dir='ltr'>res</span> <span class='ocrx_word' id='word_1_122' title='bbox 740 1575 840 1639; x_wconf 88' lang='lat' dir='ltr'>ipsa</span> <span class='ocrx_word' id='word_1_123' title='bbox 868 1591 973 1639; x_wconf 83' lang='lat' dir='ltr'>quae</span> <span class='ocrx_word' id='word_1_124' title='bbox 1009 1575 1287 1640; x_wconf 86' lang='lat' dir='ltr'>sperabatur</span> <span class='ocrx_word' id='word_1_125' title='bbox 1312 1585 1357 1621; x_wconf 90' lang='lat' dir='ltr'>et</span> <span class='ocrx_word' id='word_1_126' title='bbox 1380 1584 1566 1621; x_wconf 87' lang='lat' dir='ltr'>tenetur</span> <span class='ocrx_word' id='word_1_127' title='bbox 1594 1583 1640 1621; x_wconf 89' lang='lat' dir='ltr'>et</span> <span class='ocrx_word' id='word_1_128' title='bbox 1675 1573 1861 1619; x_wconf 81' lang='lat' dir='ltr'>fruitur.</span> 
     </span>
     <span class='ocr_line' id='line_1_18' title="bbox 449 1649 1865 1716; baseline 0.001 -22"><span class='ocrx_word' id='word_1_129' title='bbox 449 1651 558 1696; x_wconf 90' lang='lat' dir='ltr'>Haec</span> <span class='ocrx_word' id='word_1_130' title='bbox 584 1649 719 1696; x_wconf 91' lang='lat' dir='ltr'>multi</span> <span class='ocrx_word' id='word_1_131' title='bbox 748 1650 1067 1699; x_wconf 88' lang='lat' dir='ltr'>desiderantes</span> <span class='ocrx_word' id='word_1_132' title='bbox 1091 1668 1191 1698; x_wconf 91' lang='lat' dir='ltr'>non</span> <span class='ocrx_word' id='word_1_133' title='bbox 1217 1650 1362 1716; x_wconf 88' lang='lat' dir='ltr'>modo</span> <span class='ocrx_word' id='word_1_134' title='bbox 1385 1651 1626 1698; x_wconf 84' lang='lat' dir='ltr'>facultates</span> <span class='ocrx_word' id='word_1_135' title='bbox 1650 1650 1865 1714; x_wconf 90' lang='lat' dir='ltr'>proprias</span> 
     </span>
     <span class='ocr_line' id='line_1_19' title="bbox 450 1726 1867 1792; baseline 0.001 -20"><span class='ocrx_word' id='word_1_136' title='bbox 450 1726 760 1791; x_wconf 89' lang='lat' dir='ltr'>reliquerunt,</span> <span class='ocrx_word' id='word_1_137' title='bbox 787 1744 953 1775; x_wconf 87' lang='lat' dir='ltr'>verum</span> <span class='ocrx_word' id='word_1_138' title='bbox 987 1729 1130 1775; x_wconf 90' lang='lat' dir='ltr'>etiam</span> <span class='ocrx_word' id='word_1_139' title='bbox 1161 1728 1346 1775; x_wconf 89' lang='lat' dir='ltr'>deserta</span> <span class='ocrx_word' id='word_1_140' title='bbox 1381 1743 1579 1792; x_wconf 87' lang='lat' dir='ltr'>quaeque</span> <span class='ocrx_word' id='word_1_141' title='bbox 1612 1737 1659 1773; x_wconf 82' lang='lat' dir='ltr'>et</span> <span class='ocrx_word' id='word_1_142' title='bbox 1690 1727 1867 1773; x_wconf 89' lang='lat' dir='ltr'>inculta</span> 
     </span>
     <span class='ocr_line' id='line_1_20' title="bbox 449 1803 1865 1868; baseline 0.001 -20"><span class='ocrx_word' id='word_1_143' title='bbox 449 1804 651 1865; x_wconf 83' lang='lat' dir='ltr'>aggressi</span> <span class='ocrx_word' id='word_1_144' title='bbox 674 1814 800 1862; x_wconf 82' lang='lat' dir='ltr'>sunt,</span> <span class='ocrx_word' id='word_1_145' title='bbox 830 1814 884 1850; x_wconf 88' lang='lat' dir='ltr'>ut</span> <span class='ocrx_word' id='word_1_146' title='bbox 907 1805 1033 1851; x_wconf 89' lang='lat' dir='ltr'>sitim</span> <span class='ocrx_word' id='word_1_147' title='bbox 1061 1804 1204 1868; x_wconf 89' lang='lat' dir='ltr'>hujus</span> <span class='ocrx_word' id='word_1_148' title='bbox 1229 1803 1448 1851; x_wconf 87' lang='lat' dir='ltr'>desiderii</span> <span class='ocrx_word' id='word_1_149' title='bbox 1477 1803 1694 1850; x_wconf 87' lang='lat' dir='ltr'>solitariae</span> <span class='ocrx_word' id='word_1_150' title='bbox 1717 1819 1772 1849; x_wconf 92' lang='lat' dir='ltr'>ac</span> <span class='ocrx_word' id='word_1_151' title='bbox 1793 1819 1865 1850; x_wconf 84' lang='lat' dir='ltr'>re-</span> 
     </span>
     <span class='ocr_line' id='line_1_21' title="bbox 449 1880 1864 1946; baseline 0 -20"><span class='ocrx_word' id='word_1_152' title='bbox 449 1880 666 1927; x_wconf 87' lang='lat' dir='ltr'>motioris</span> <span class='ocrx_word' id='word_1_153' title='bbox 694 1881 922 1927; x_wconf 89' lang='lat' dir='ltr'>orationis</span> <span class='ocrx_word' id='word_1_154' title='bbox 944 1882 1211 1946; x_wconf 89' lang='lat' dir='ltr'>patrocinio</span> <span class='ocrx_word' id='word_1_155' title='bbox 1241 1882 1653 1945; x_wconf 89' lang='lat' dir='ltr'>lacrymarumque</span> <span class='ocrx_word' id='word_1_156' title='bbox 1685 1880 1864 1927; x_wconf 88' lang='lat' dir='ltr'>fluento</span> 
     </span>
     <span class='ocr_line' id='line_1_22' title="bbox 448 1957 1864 2021; baseline 0 -18"><span class='ocrx_word' id='word_1_157' title='bbox 448 1958 826 2021; x_wconf 86' lang='lat' dir='ltr'>restinguerent:</span> <span class='ocrx_word' id='word_1_158' title='bbox 852 1958 972 2005; x_wconf 91' lang='lat' dir='ltr'>sicut</span> <span class='ocrx_word' id='word_1_159' title='bbox 1004 1975 1134 2005; x_wconf 91' lang='lat' dir='ltr'>nunc</span> <span class='ocrx_word' id='word_1_160' title='bbox 1166 1958 1335 2006; x_wconf 91' lang='lat' dir='ltr'>beatus</span> <span class='ocrx_word' id='word_1_161' title='bbox 1370 1957 1668 2013; x_wconf 87' lang='lat' dir='ltr'>AEmilianus,</span> <span class='ocrx_word' id='word_1_162' title='bbox 1709 1972 1864 2003; x_wconf 89' lang='lat' dir='ltr'>novus</span> 
     </span>
     <span class='ocr_line' id='line_1_23' title="bbox 449 2033 1631 2097; baseline -0.001 -17"><span class='ocrx_word' id='word_1_163' title='bbox 449 2033 942 2096; x_wconf 71' lang='lat' dir='ltr'>nostristemporibus</span> <span class='ocrx_word' id='word_1_164' title='bbox 959 2035 1171 2093; x_wconf 87' lang='lat' dir='ltr'>eremita,</span> <span class='ocrx_word' id='word_1_165' title='bbox 1199 2035 1360 2081; x_wconf 89' lang='lat' dir='ltr'>fecisse</span> <span class='ocrx_word' id='word_1_166' title='bbox 1381 2033 1631 2097; x_wconf 90' lang='lat' dir='ltr'>probatur.</span> 
     </span>
    </p>

    <p class='ocr_par' dir='ltr' id='par_1_6' title="bbox 447 2104 1864 2864">
     <span class='ocr_line' id='line_1_24' title="bbox 515 2104 1861 2176; baseline -0.001 -15"><span class='ocrx_word' id='word_1_167' title='bbox 515 2116 561 2161; x_wconf 81' lang='grc'>1.</span> <span class='ocrx_word' id='word_1_168' title='bbox 600 2104 686 2158; x_wconf 82' lang='lat' dir='ltr'>Hic</span> <span class='ocrx_word' id='word_1_169' title='bbox 718 2111 872 2173; x_wconf 88' lang='lat' dir='ltr'>igitur,</span> <span class='ocrx_word' id='word_1_170' title='bbox 914 2111 1084 2158; x_wconf 85' lang='lat' dir='ltr'>relictis</span> <span class='ocrx_word' id='word_1_171' title='bbox 1119 2111 1395 2176; x_wconf 88' lang='lat' dir='ltr'>parentibus</span> <span class='ocrx_word' id='word_1_172' title='bbox 1422 2127 1477 2158; x_wconf 93' lang='lat' dir='ltr'>ac</span> <span class='ocrx_word' id='word_1_173' title='bbox 1501 2111 1717 2158; x_wconf 86' lang='lat' dir='ltr'>facultate</span> <span class='ocrx_word' id='word_1_174' title='bbox 1750 2127 1861 2176; x_wconf 89' lang='lat' dir='ltr'>pro-</span> 
     </span>
     <span class='ocr_line' id='line_1_25' title="bbox 447 2187 1861 2252; baseline 0.001 -19"><span class='ocrx_word' id='word_1_175' title='bbox 447 2188 569 2252; x_wconf 81' lang='lat' dir='ltr'>pria3</span> <span class='ocrx_word' id='word_1_176' title='bbox 599 2187 746 2234; x_wconf 89' lang='lat' dir='ltr'>eremi</span> <span class='ocrx_word' id='word_1_177' title='bbox 768 2187 954 2235; x_wconf 89' lang='lat' dir='ltr'>deserta</span> <span class='ocrx_word' id='word_1_178' title='bbox 975 2189 1139 2252; x_wconf 88' lang='lat' dir='ltr'>petivit</span> <span class='ocrx_word' id='word_1_179' title='bbox 1162 2197 1209 2234; x_wconf 91' lang='lat' dir='ltr'>et</span> <span class='ocrx_word' id='word_1_180' title='bbox 1231 2204 1279 2234; x_wconf 93' lang='lat' dir='ltr'>se</span> <span class='ocrx_word' id='word_1_181' title='bbox 1300 2189 1422 2234; x_wconf 89' lang='lat' dir='ltr'>intra</span> <span class='ocrx_word' id='word_1_182' title='bbox 1441 2198 1620 2235; x_wconf 89' lang='lat' dir='ltr'>secreta</span> <span class='ocrx_word' id='word_1_183' title='bbox 1638 2188 1861 2236; x_wconf 89' lang='lat' dir='ltr'>silvarum</span> 
     </span>
     <span class='ocr_line' id='line_1_26' title="bbox 449 2256 1862 2329; baseline 0.003 -20"><span class='ocrx_word' id='word_1_184' title='bbox 449 2256 871 2311; x_wconf 77' lang='lat' dir='ltr'>Ponticiacensium</span> <span class='ocrx_word' id='word_1_185' title='bbox 896 2265 1091 2311; x_wconf 86' lang='lat' dir='ltr'>Arverni</span> <span class='ocrx_word' id='word_1_186' title='bbox 1116 2265 1334 2311; x_wconf 85' lang='lat' dir='ltr'>territorii</span> <span class='ocrx_word' id='word_1_187' title='bbox 1363 2263 1564 2325; x_wconf 90' lang='lat' dir='ltr'>abdidit,</span> <span class='ocrx_word' id='word_1_188' title='bbox 1591 2265 1640 2310; x_wconf 92' lang='lat' dir='ltr'>in</span> <span class='ocrx_word' id='word_1_189' title='bbox 1665 2281 1759 2329; x_wconf 92' lang='lat' dir='ltr'>qua</span> <span class='ocrx_word' id='word_1_190' title='bbox 1782 2265 1862 2313; x_wconf 88' lang='lat' dir='ltr'>de-</span> 
     </span>
     <span class='ocr_line' id='line_1_27' title="bbox 448 2340 1862 2407; baseline 0 -19"><span class='ocrx_word' id='word_1_191' title='bbox 448 2341 543 2388; x_wconf 90' lang='lat' dir='ltr'>cisa</span> <span class='ocrx_word' id='word_1_192' title='bbox 567 2341 684 2388; x_wconf 87' lang='lat' dir='ltr'>silva</span> <span class='ocrx_word' id='word_1_193' title='bbox 706 2340 949 2404; x_wconf 87' lang='lat' dir='ltr'>modicum</span> <span class='ocrx_word' id='word_1_194' title='bbox 972 2341 1232 2406; x_wconf 88' lang='lat' dir='ltr'>deplanans</span> <span class='ocrx_word' id='word_1_195' title='bbox 1254 2357 1497 2406; x_wconf 90' lang='lat' dir='ltr'>campum,</span> <span class='ocrx_word' id='word_1_196' title='bbox 1532 2352 1684 2388; x_wconf 91' lang='lat' dir='ltr'>rastro</span> <span class='ocrx_word' id='word_1_197' title='bbox 1713 2341 1862 2407; x_wconf 90' lang='lat' dir='ltr'>ipsam</span> 
     </span>
     <span class='ocr_line' id='line_1_28' title="bbox 448 2417 1864 2476; baseline 0.002 -13"><span class='ocrx_word' id='word_1_198' title='bbox 448 2417 681 2465; x_wconf 85' lang='lat' dir='ltr'>effodiens</span> <span class='ocrx_word' id='word_1_199' title='bbox 702 2417 924 2476; x_wconf 89' lang='lat' dir='ltr'>humum,</span> <span class='ocrx_word' id='word_1_200' title='bbox 950 2417 1055 2465; x_wconf 86' lang='lat' dir='ltr'>vitae</span> <span class='ocrx_word' id='word_1_201' title='bbox 1079 2417 1294 2465; x_wconf 85' lang='lat' dir='ltr'>eliciebat</span> <span class='ocrx_word' id='word_1_202' title='bbox 1321 2418 1616 2464; x_wconf 87' lang='lat' dir='ltr'>alimentum.</span> <span class='ocrx_word' id='word_1_203' title='bbox 1649 2417 1864 2466; x_wconf 89' lang='lat' dir='ltr'>Habebat</span> 
     </span>
     <span class='ocr_line' id='line_1_29' title="bbox 448 2493 1859 2559; baseline 0.001 -19"><span class='ocrx_word' id='word_1_204' title='bbox 448 2504 496 2540; x_wconf 90' lang='lat' dir='ltr'>et</span> <span class='ocrx_word' id='word_1_205' title='bbox 523 2493 719 2541; x_wconf 76' lang='lat' dir='ltr'>hortum</span> <span class='ocrx_word' id='word_1_206' title='bbox 743 2494 1013 2558; x_wconf 85' lang='lat' dir='ltr'>parvulum,</span> <span class='ocrx_word' id='word_1_207' title='bbox 1045 2511 1188 2558; x_wconf 93' lang='lat' dir='ltr'>quem</span> <span class='ocrx_word' id='word_1_208' title='bbox 1211 2510 1331 2558; x_wconf 89' lang='lat' dir='ltr'>aqua</span> <span class='ocrx_word' id='word_1_209' title='bbox 1359 2495 1718 2559; x_wconf 87' lang='lat' dir='ltr'>superveniente</span> <span class='ocrx_word' id='word_1_210' title='bbox 1739 2495 1859 2559; x_wconf 85' lang='lat' dir='ltr'>riga·</span> 
     </span>
     <span class='ocr_line' id='line_1_30' title="bbox 447 2569 1861 2635; baseline 0.001 -19"><span class='ocrx_word' id='word_1_211' title='bbox 447 2569 547 2628; x_wconf 90' lang='lat' dir='ltr'>bat,</span> <span class='ocrx_word' id='word_1_212' title='bbox 576 2570 636 2618; x_wconf 92' lang='lat' dir='ltr'>de</span> <span class='ocrx_word' id='word_1_213' title='bbox 663 2587 761 2635; x_wconf 92' lang='lat' dir='ltr'>quo</span> <span class='ocrx_word' id='word_1_214' title='bbox 791 2570 897 2618; x_wconf 91' lang='lat' dir='ltr'>olus</span> <span class='ocrx_word' id='word_1_215' title='bbox 926 2570 988 2618; x_wconf 91' lang='lat' dir='ltr'>ad</span> <span class='ocrx_word' id='word_1_216' title='bbox 1015 2571 1321 2618; x_wconf 88' lang='lat' dir='ltr'>refectionem</span> <span class='ocrx_word' id='word_1_217' title='bbox 1351 2571 1483 2618; x_wconf 90' lang='lat' dir='ltr'>nullo</span> <span class='ocrx_word' id='word_1_218' title='bbox 1514 2571 1861 2635; x_wconf 86' lang='lat' dir='ltr'>impinguatum</span> 
     </span>
     <span class='ocr_line' id='line_1_31' title="bbox 449 2646 1861 2712; baseline 0.001 -19"><span class='ocrx_word' id='word_1_219' title='bbox 449 2648 588 2712; x_wconf 88' lang='lat' dir='ltr'>adipe</span> <span class='ocrx_word' id='word_1_220' title='bbox 611 2647 926 2712; x_wconf 87' lang='lat' dir='ltr'>praesumebat</span> <span class='ocrx_word' id='word_1_221' title='bbox 955 2666 967 2695; x_wconf 73' lang='grc' dir='ltr'>ε</span> <span class='ocrx_word' id='word_1_222' title='bbox 992 2648 1216 2695; x_wconf 90' lang='lat' dir='ltr'>solatium</span> <span class='ocrx_word' id='word_1_223' title='bbox 1238 2664 1352 2695; x_wconf 80' lang='lat' dir='ltr'>vero</span> <span class='ocrx_word' id='word_1_224' title='bbox 1375 2647 1554 2711; x_wconf 80' lang='lat' dir='ltr'>absque</span> <span class='ocrx_word' id='word_1_225' title='bbox 1571 2648 1656 2693; x_wconf 92' lang='lat' dir='ltr'>Dei</span> <span class='ocrx_word' id='word_1_226' title='bbox 1677 2646 1861 2710; x_wconf 85' lang='lat' dir='ltr'>adjuto-</span> 
     </span>
     <span class='ocr_line' id='line_1_32' title="bbox 448 2720 1860 2787; baseline 0 -18"><span class='ocrx_word' id='word_1_227' title='bbox 448 2725 521 2769; x_wconf 90' lang='lat' dir='ltr'>rio</span> <span class='ocrx_word' id='word_1_228' title='bbox 538 2724 723 2771; x_wconf 83' lang='lat' dir='ltr'>nullum</span> <span class='ocrx_word' id='word_1_229' title='bbox 746 2725 944 2780; x_wconf 90' lang='lat' dir='ltr'>habens,</span> <span class='ocrx_word' id='word_1_230' title='bbox 966 2724 1315 2771; x_wconf 87' lang='lat' dir='ltr'>cohabitatores</span> <span class='ocrx_word' id='word_1_231' title='bbox 1331 2720 1457 2770; x_wconf 83' lang='lat' dir='ltr'>eniin</span> <span class='ocrx_word' id='word_1_232' title='bbox 1476 2722 1632 2770; x_wconf 87' lang='lat' dir='ltr'>bestiae</span> <span class='ocrx_word' id='word_1_233' title='bbox 1655 2739 1860 2787; x_wconf 87' lang='lat' dir='ltr'>avesque</span> 
     </span>
     <span class='ocr_line' id='line_1_33' title="bbox 447 2799 1855 2864; baseline 0.001 -20"><span class='ocrx_word' id='word_1_234' title='bbox 447 2799 514 2845; x_wconf 86' lang='lat' dir='ltr'>illi</span> <span class='ocrx_word' id='word_1_235' title='bbox 536 2810 687 2859; x_wconf 83' lang='lat' dir='ltr'>erant,</span> <span class='ocrx_word' id='word_1_236' title='bbox 722 2817 825 2864; x_wconf 82' lang='lat' dir='ltr'>quae</span> <span class='ocrx_word' id='word_1_237' title='bbox 856 2801 917 2848; x_wconf 88' lang='lat' dir='ltr'>ad</span> <span class='ocrx_word' id='word_1_238' title='bbox 951 2816 1061 2848; x_wconf 79' lang='lat' dir='ltr'>euin</span> <span class='ocrx_word' id='word_1_239' title='bbox 1096 2800 1309 2864; x_wconf 90' lang='lat' dir='ltr'>quotidie</span> <span class='ocrx_word' id='word_1_240' title='bbox 1337 2810 1561 2863; x_wconf 85' lang='lat' dir='ltr'>tanquam</span> <span class='ocrx_word' id='word_1_241' title='bbox 1590 2800 1651 2847; x_wconf 85' lang='lat' dir='ltr'>ad</span> <span class='ocrx_word' id='word_1_242' title='bbox 1676 2800 1760 2847; x_wconf 90' lang='lat' dir='ltr'>Dei</span> <span class='ocrx_word' id='word_1_243' title='bbox 1787 2800 1855 2846; x_wconf 88' lang='lat' dir='ltr'>fa·</span> 
     </span>
    </p>
   </div>
   <div class='ocr_carea' id='block_1_6' title="bbox 1990 2355 2054 3450">
    <p class='ocr_par' dir='ltr' id='par_1_7' title="bbox 1990 2355 2054 3450">
     <span class='ocr_line' id='line_1_34' title="bbox 1990 2355 2054 3450; baseline 0 0"><span class='ocrx_word' id='word_1_244' title='bbox 1990 2355 2054 3450; x_wconf 95' lang='lat' dir='ltr'> </span> 
     </span>
    </p>
   </div>
  </div>
 </body>
</html>
