2054 3450
482 313 548 348 DE
577 303 834 350 GREGOIRE
862 312 957 350 SUR
984 311 1072 348 LEs
1099 310 1338 349 PSAUMES.
1544 312 1619 347 407

192 430 200 436 -
269 402 322 445 L.
360 398 504 457 Quod
529 398 627 463 ipse
653 399 754 445 sine
781 409 974 464 peccato
1001 415 1088 463 pro
1117 398 1320 463 peccatis
1351 397 1517 462 populi
1540 400 1618 463 ju-

203 476 386 524 dicatus
405 476 568 523 vicerit
585 475 866 539 judicantes.

268 557 340 601 LI.
375 553 518 611 Quod
537 554 636 618 ipse
654 569 851 600 omnem
872 553 1162 618 impietatem
1183 561 1262 598 aut
1282 551 1507 598 bonitatis
1525 567 1619 598 suae

204 632 378 680 divitiis
401 631 705 679 dissidentem
730 632 1008 678 exterminet
1028 639 1075 677 et
1097 629 1311 693 emigret.

267 712 360 757 LII.
400 708 544 767 Quod
564 709 664 772 ipse
688 708 886 755 salutem
907 707 1116 756 adventu
1139 722 1227 753 suo
1253 706 1528 771 praestiterit.

269 789 382 834 LIII.
422 785 566 844 Quod
594 786 694 850 ipse
722 785 784 833 ad
805 785 950 833 coelos
975 783 1233 832 ascendens
1261 783 1480 830 inimicos
1503 783 1620 831 facie

200 863 395 911 adversa
418 863 690 927 respexerit.

265 943 381 987 LIV.
419 940 563 998 Quod
592 941 693 1005 ipse
722 943 850 987 Deus
871 949 983 988 ante
1005 938 1163 987 secula
1186 937 1247 986 ab
1271 939 1501 986 unanimo
1524 938 1619 986 dis-

198 1017 359 1082 cipulo
383 1016 684 1064 venundatus
705 1017 782 1064 sit.

263 1097 335 1141 LV
348 1132 358 1142 .
381 1094 525 1152 Quod
544 1094 644 1159 ipse
662 1110 750 1141 nos
773 1110 800 1142 a
819 1093 1002 1159 peccati
1018 1093 1224 1140 lacrimis
1243 1102 1289 1140 et
1310 1109 1334 1139 a
1354 1092 1489 1156 lapsu
1511 1107 1618 1155 per-

198 1171 390 1219 ditionis
413 1172 622 1237 eriperit.

262 1253 376 1297 LVI.
415 1248 558 1308 Quod
595 1250 695 1314 ipse
732 1264 980 1311 resurgens
1018 1247 1266 1295 diabolicae
1301 1246 1621 1294 damnationis

196 1326 362 1375 dentes
391 1326 632 1389 infringat.
946 1320 950 1325 ’

262 1407 401 1451 LVII.
439 1403 583 1461 Quod
620 1403 721 1467 ipse
761 1402 933 1448 sanctis
970 1401 1067 1448 suis
1104 1402 1164 1449 de
1203 1402 1461 1466 impiorum
1505 1417 1620 1448 nece

198 1481 453 1527 vindictam
479 1480 651 1543 juditio
680 1480 806 1542 justo
839 1479 1082 1526 retribuat.

260 1557 430 1606 LV111¹3
459 1558 601 1616 Quod
633 1558 731 1621 ipse
762 1556 901 1604 nobis
933 1573 1017 1621 per
1041 1556 1436 1603 resurrectionem
1466 1565 1620 1602 matu·

196 1636 343 1683 tinam
365 1635 571 1683 laetitiam
598 1643 773 1698 prestat
797 1634 1090 1680 matutinam.

264 1715 374 1759 LIX.
414 1711 555 1769 Quod
581 1712 680 1774 ipse
704 1710 761 1756 sit
785 1719 1076 1774 oportunum
1103 1709 1150 1755 in
1179 1708 1486 1756 tribulatione
1510 1727 1619 1774 prae-

195 1790 387 1838 sidium.

260 1869 352 1913 LX.
393 1864 536 1922 Quod
563 1865 659 1929 ipse
683 1864 739 1910 sit
766 1864 905 1910 turris
932 1863 1186 1910 fortissima
1210 1863 1270 1909 ab
1298 1863 1477 1909 inimici
1503 1863 1618 1910 facie

196 1943 442 1991 collocata.

261 2024 376 2068 LXI.
415 2020 555 2078 Quod
589 2020 687 2084 ipse
711 2020 770 2066 sit
792 2018 981 2082 adjutor
1005 2018 1052 2065 in
1078 2034 1220 2082 quem
1245 2026 1508 2064 conventus
1539 2034 1615 2064 ec-

195 2099 344 2147 clesiae
366 2097 509 2146 debet
531 2112 736 2162 sperare.

261 2179 397 2223 LXII.
417 2173 560 2234 Quod
576 2177 675 2240 ipse
694 2174 751 2221 sit
770 2175 818 2220 in
839 2189 980 2237 quem
1001 2189 1085 2237 per
1104 2172 1407 2238 splendorem
1433 2190 1522 2220 me.
1537 2174 1615 2220 .is¹

198 2253 457 2302 debeamus
481 2253 529 2298 in
556 2251 797 2298 matutinis
819 2249 1206 2297 meditationibus
1227 2266 1459 2296 exercere.

264 2332 422 2378 LXIII.
462 2329 604 2386 Quod
624 2329 723 2392 ipse
740 2329 1018 2374 innocentes
1041 2327 1223 2373 animas
1241 2342 1270 2374 a
1288 2327 1463 2389 sagittis
1483 2338 1616 2374 eruat

196 2403 470 2467 impiorum.

262 2480 422 2525 LXIV.
459 2476 602 2535 Quod
633 2476 731 2538 ipse
754 2475 811 2521 sit
841 2490 946 2538 spes
974 2482 1254 2520 cunctarum
1279 2472 1444 2520 finium
1468 2484 1614 2521 terra-

195 2571 321 2601 rum.

263 2634 399 2680 LXV.
439 2629 582 2687 Quod
613 2630 712 2694 ipse
739 2628 796 2674 sit
820 2643 848 2674 a
870 2626 1052 2674 cunctis
1075 2626 1292 2689 gentibus
1320 2626 1610 2674 adorandus.

251 2798 308 2850 (1)
338 2801 422 2836 Non
443 2806 498 2836 est
517 2802 653 2835 mentis
673 2795 895 2849 legendum.
