2054 3450
394 343 470 381 378
724 319 734 327 “
906 341 1033 377 vlTAE
1058 341 1276 377 PATRUM.

394 431 527 476 nium
569 428 796 487 creatori,
836 437 1084 491 erectaque
1129 427 1317 490 signum
1354 428 1505 474 crucis
1545 428 1786 492 imposuit.

392 508 561 571 Sicque
582 506 630 552 in
651 514 856 569 quatuor
879 515 1033 568 partes
1055 504 1246 551 vulnere
1269 512 1561 567 excrepante,
1588 505 1789 568 puellam

393 599 509 648 pure
550 582 828 629 decurrente
857 598 985 627 mors
1015 582 1289 646 importuna
1313 579 1516 643 reliquit.
1553 583 1661 626 Post
1691 581 1790 628 haec

392 660 453 708 ad
475 660 712 708 basilicam
726 659 874 706 sancti
887 658 1071 705 Martini
1087 656 1397 720 Monegundis
1409 655 1545 703 beata
1558 657 1793 720 pervenit,

391 738 551 801 ibique
576 746 805 802 prostrata
836 752 996 783 coram
1024 735 1266 799 sepulcro,
1300 734 1469 797 gratias
1493 750 1633 797 agens
1662 734 1793 798 quod

393 814 627 861 tumulum
670 823 883 860 sanctum
926 811 1075 859 oculis
1120 812 1322 876 propriis
1355 811 1664 875 contemplari
1694 827 1794 858 me-

391 901 563 950 ruerat,
596 891 644 937 in
673 889 838 936 cellula
866 906 1010 954 parva
1044 889 1322 944 consistenS,
1357 887 1569 952 quotidie
1592 887 1795 934 orationi

389 985 444 1015 ac
474 969 665 1032 jejuniis
695 967 954 1031 vigiliisque
992 965 1205 1013 vacabat.
1239 964 1332 1012 Sed
1370 982 1457 1011 nec
1481 965 1556 1012 ille
1578 963 1710 1011 locus
1732 964 1793 1013 ab

389 1046 488 1108 ejus
510 1046 677 1092 virtute
703 1045 787 1091 fuit
814 1043 1057 1107 inglorius.
1091 1045 1209 1090 Nam
1242 1043 1390 1089 viduae
1420 1041 1667 1106 cujusdam
1701 1041 1796 1090 filia

391 1139 558 1170 manus
579 1130 844 1169 contractas
866 1120 1049 1178 detulit,
1080 1136 1183 1182 quae
1209 1129 1258 1166 ut
1287 1128 1476 1166 exorata
1508 1119 1692 1182 signum
1722 1135 1795 1166 sa-

388 1201 496 1246 lutis
518 1199 761 1263 imposuit,
784 1197 1004 1244 manibus
1017 1197 1110 1243 suis
1130 1197 1300 1259 digitos
1316 1195 1480 1261 puellae
1503 1205 1796 1242 contrectare

389 1277 548 1340 coepit,
575 1275 776 1322 extensis
799 1274 954 1337 digitis
977 1274 1225 1337 nervisque
1244 1273 1447 1331 directis,
1476 1271 1604 1318 volas
1626 1271 1796 1340 laxavit

389 1352 667 1399 incolumeS.
694 1354 819 1397 Dum
841 1361 998 1398 autem
1017 1350 1116 1397 haec
1132 1358 1397 1412 agerentur,
1423 1347 1583 1395 audita
1601 1348 1672 1394 vir
1697 1349 1796 1411 ejus

392 1429 513 1476 fama
537 1428 701 1484 beatae,
727 1444 996 1474 convocans
1019 1427 1195 1473 amicos
1224 1426 1514 1488 vicinosque*
1527 1440 1654 1483 suos,
1679 1440 1796 1488 per-

389 1508 506 1552 rexit
529 1515 635 1569 post
657 1522 762 1551 eam
799 1521 852 1550 ae
888 1504 1071 1550 reduxit
1092 1503 1151 1549 ad
1176 1503 1386 1567 propria,
1424 1511 1470 1547 et
1494 1517 1597 1547 eam
1624 1500 1670 1546 in
1703 1499 1796 1548 cel-

389 1583 532 1629 lulam
550 1584 597 1629 in
621 1598 715 1645 qua
738 1582 868 1646 prius
892 1580 1180 1627 habitaverat
1212 1577 1478 1624 intromisit.
1509 1579 1567 1623 At
1594 1577 1672 1623 illa
1697 1593 1795 1624 non

388 1659 600 1706 cessabat
623 1659 683 1705 ab
704 1674 848 1722 opere
877 1657 1007 1721 quod
1031 1665 1357 1716 consueverat,
1389 1655 1472 1702 sed
1495 1652 1797 1700 exercebatur

388 1737 434 1781 in
467 1736 658 1799 jejuniis
692 1732 1211 1796 obsecrationibusque,
1250 1742 1299 1778 ut
1338 1731 1529 1778 tandem
1556 1729 1717 1776 locum
1746 1730 1792 1776 in

388 1829 485 1875 quo
525 1812 738 1859 habitare
776 1809 1070 1857 desiderabat
1104 1818 1261 1873 posset
1298 1808 1557 1870 acquirere.
1599 1805 1795 1853 Inchoat

389 1889 557 1935 iterum
575 1890 660 1936 iter
681 1887 1015 1946 desideratum,
1038 1885 1298 1950 implorans
1321 1884 1447 1931 beati
1464 1883 1649 1931 Martini
1667 1883 1794 1930 auxi-

388 1967 522 2024 lium,
556 1975 608 2012 ut
631 1966 712 2028 qui
735 1965 927 2012 dederat
953 1962 1237 2010 desiderium
1262 1960 1488 2008 tribueret
1511 1970 1556 2006 et
1576 1959 1795 2006 effectum

390 2042 693 2106 perveniendi
711 2041 767 2088 ad
787 2040 1044 2087 basilicam.
1075 2039 1336 2084 Revertitur
1354 2036 1415 2083 ad
1433 2036 1650 2083 cellulam
1665 2035 1795 2083 illam

390 2121 436 2165 in
462 2135 555 2183 qua
580 2119 709 2182 prius
740 2118 888 2163 fuerat
919 2125 1230 2174 commorata,
1258 2115 1305 2159 in
1323 2129 1378 2159 ea
1405 2113 1603 2176 perstitit
1626 2114 1794 2159 incon-

389 2212 539 2255 cussa,
577 2211 665 2242 nec
699 2205 778 2261 est.
793 2193 994 2257 amplius
1037 2208 1064 2238 a
1104 2192 1204 2237 viro
1243 2207 1329 2236 suo
1368 2189 1586 2252 quaesita;
1636 2188 1797 2252 ibique

390 2287 562 2334 paucas
584 2270 808 2333 colligens
835 2268 1129 2327 monachas¹‚
1164 2283 1272 2314 cum
1303 2265 1396 2312 fide
1423 2266 1603 2328 integra
1624 2275 1670 2311 et
1690 2281 1795 2312 ora-

390 2350 518 2395 tione
541 2347 766 2411 degebat;
794 2363 890 2393 non
923 2361 1114 2392 sumens
1142 2360 1314 2407 panem
1344 2343 1434 2389 nisi
1454 2342 1793 2401 hordeaceum,

391 2443 486 2472 non
524 2427 690 2472 vinum
712 2424 817 2470 'nisi
857 2438 1114 2486 parumper
1154 2422 1201 2467 in
1229 2420 1395 2467 diebus
1433 2419 1575 2478 festis,
1623 2427 1668 2465 et
1703 2417 1797 2465 hoc

390 2503 545 2566 ipsum
568 2502 715 2548 nimio
736 2501 871 2547 latice
895 2508 1208 2563 temperatum
1228 2515 1239 2556 3
1269 2496 1451 2542 nullum
1482 2494 1664 2542 habens
1682 2503 1796 2540 stra-

391 2589 492 2624 tum
522 2578 613 2626 feni
643 2577 879 2642 paleaeque
906 2575 1146 2622 mollimen
1163 2610 1175 2633 ‚
1202 2574 1291 2620 nisi
1316 2583 1497 2620 tantum
1522 2571 1637 2619 illud
1663 2570 1795 2634 quod

445 2755 502 2806 (1)
531 2757 614 2792 Hoc
644 2753 860 2792 coenobium
891 2753 1034 2790 dictum
1067 2761 1124 2790 est
1153 2753 1271 2791 sancti
1304 2751 1406 2790 Petri
1440 2749 1648 2798 Puellaris,
1688 2749 1794 2800 quod

392 2815 608 2853 etiamnunc
635 2825 776 2850 nomen
808 2812 957 2850 retinet.
989 2810 1070 2862 (R.)
