2054 3450
434 373 453 408 1
461 374 509 410 42
950 374 1079 410 VITAE
1105 374 1320 411 PATRUM.

431 458 532 504 sitis
549 458 943 521 exstinguebatur.
972 462 1080 506 Erat
1092 460 1219 506 enim
1233 475 1421 507 severus
1438 459 1571 507 valde
1593 461 1642 506 in
1662 460 1840 508 distric-

431 534 561 580 tione
600 534 814 594 fratrum,
855 552 944 583 nec
983 552 1272 600 quemquam
1303 552 1402 583 non
1436 537 1583 584 modo
1620 553 1839 602 perverse

431 625 584 673 agere,
598 627 765 658 verum
787 613 931 660 etiam
951 629 1041 659 nec
1060 613 1191 677 loqui
1207 612 1389 660 sinebat
1410 630 1420 658 :
1443 613 1695 660 mulierum
1719 630 1838 678 quo-

431 703 524 750 que
538 686 612 734 vel
625 687 879 752 colloquia,
901 689 975 736 vel
987 705 1218 736 occursus*
1230 688 1368 736 valde
1378 689 1572 737 vitabat.
1599 692 1838 736 Romanus

432 763 497 811 ita
527 774 628 811 erat
652 765 865 830 simplex,
899 776 950 812 ut
979 765 1098 814 nihil
1124 765 1184 812 de
1215 765 1288 813 his
1315 766 1503 831 penitus
1531 765 1593 813 ad
1626 767 1839 814 animum

432 840 642 903 duceret,
663 842 746 889 sed
756 843 981 890 omnibus
999 853 1097 891 tam
1112 843 1223 890 viris
1235 859 1378 906 quam
1395 842 1675 890 mulieribus
1688 859 1851 908 aequa--

430 916 535 965 liter
554 918 806 982 flagitatam
836 919 1217 967 benedictionem
1248 920 1514 968 Divinitatis
1542 920 1739 968 nomine
1761 920 1839 967 in-

432 1004 601 1042 vocato
620 996 865 1044 tribueret.

497 1073 543 1119 3.
571 1074 827 1138 Lupicinus
843 1075 984 1138 igitur
1004 1073 1151 1121 abbas
1171 1091 1281 1121 cum
1313 1075 1468 1121 minus
1489 1073 1686 1122 haberet
1714 1075 1841 1123 unde

432 1159 609 1197 tantam
639 1151 888 1198 sustineret
918 1152 1357 1215 congregationem,
1390 1150 1613 1198 revelavit
1638 1152 1682 1199 ei
1715 1154 1840 1200 Deus

431 1225 590 1272 locum
609 1227 658 1272 in
681 1243 861 1288 eremo,
903 1229 950 1274 in
976 1244 1074 1291 quo
1103 1227 1363 1291 antiquitus
1380 1227 1588 1274 thesauri
1600 1227 1842 1275 'reconditi

432 1302 615 1350 fuerant
643 1321 653 1349 ε
680 1303 740 1350 ad
770 1320 913 1368 quem
937 1304 1094 1351 locum
1127 1303 1356 1351 accedens
1383 1304 1526 1365 soluS,
1564 1320 1734 1351 aurum
1766 1321 1842 1351 ar-

431 1388 738 1443 gentumque,
775 1390 1007 1443 quantum
1038 1381 1192 1427 levare
1217 1389 1418 1444 poterat,
1449 1382 1737 1427 monasterio
1762 1381 1842 1428 in-

433 1455 628 1516 ferebat,
666 1466 713 1503 et
741 1456 927 1513 exinde,
965 1467 1186 1521 coempto
1217 1455 1345 1517 cibo,
1376 1455 1617 1504 reficiebat
1643 1457 1841 1504 fratrum

433 1532 759 1579 multitudines
780 1549 900 1597 quos
923 1533 982 1580 ad
1003 1534 1087 1580 Dei
1109 1531 1318 1580 officium
1337 1542 1716 1596 congregaverat.
1743 1534 1840 1581 Sic·

432 1625 527 1673 que
543 1608 743 1657 faciebat
766 1625 850 1674 per
872 1609 1082 1672 singulos
1106 1625 1275 1657 annos.
1305 1609 1429 1656 Nulli
1459 1620 1615 1657 tamen
1645 1610 1842 1658 fratrum

433 1686 651 1750 patefecit
683 1686 842 1735 locum
876 1702 1018 1750 quem
1049 1687 1091 1733 ei
1128 1687 1361 1733 Dominus
1384 1685 1603 1748 dignatus
1622 1696 1691 1734 est
1710 1703 1842 1734 reve—

432 1762 546 1809 lare.
577 1766 769 1810 Factum
797 1772 865 1809 est
890 1772 1049 1810 autem
1079 1772 1131 1809 ut
1160 1763 1371 1826 quodam
1399 1772 1614 1828 tempore
1639 1763 1844 1811 visitaret

435 1839 598 1886 fratres
631 1856 754 1904 quos
787 1840 833 1885 in
868 1839 958 1885 illis
1002 1838 1286 1886 Alemanniae
1332 1839 1604 1902 regionibus
1641 1839 1843 1887 diximus

435 1904 767 1980 congregatos3
792 1926 838 1962 et
859 1915 1088 1962 accedens
1114 1916 1327 1972 meridie,
1356 1933 1466 1963 cum
1491 1916 1649 1963 adhuc
1678 1915 1842 1963 fratres

435 1993 483 2038 in
508 2007 621 2056 agro
648 2002 822 2050 essent,
859 1992 1094 2055 ingressus
1123 2002 1192 2038 est
1214 1991 1414 2039 domum
1437 1992 1486 2038 in
1520 2008 1613 2055 qua
1636 1991 1731 2039 cibi
1758 2007 1842 2039 co-

435 2068 704 2131 quebantur
735 2068 795 2115 ad
821 2067 1131 2114 reficiendum
1158 2086 1168 2113 :
1201 2067 1411 2132 viditque
1433 2067 1729 2115 diversorum
1751 2068 1843 2115 fer-

436 2145 654 2192 culorum
681 2154 958 2210 apparatum
991 2161 1235 2208 magnum,
1258 2145 1551 2209 pisciumque
1586 2145 1844 2192 multitudi-

437 2238 548 2268 nem
585 2232 898 2285 aggregatam,
930 2221 1139 2285 dixitque
1177 2222 1226 2267 in
1266 2221 1410 2268 corde
1447 2238 1533 2268 suo
1565 2240 1575 2268 :
1606 2242 1629 2265 α
1647 2224 1752 2270 Non
1774 2231 1844 2269 est

437 2299 633 2362 dignum
671 2309 723 2346 ut
750 2298 1015 2359 monarchi,
1042 2314 1248 2362 quorum
1279 2299 1373 2346 vita
1404 2298 1612 2347 solitaria
1632 2309 1718 2360 est,
1745 2308 1843 2346 tam

437 2377 608 2442 ineptis
630 2386 821 2423 utantur
843 2375 1122 2441 sumptibus.
1147 2393 1170 2419 »
1191 2378 1244 2422 Et
1275 2375 1429 2422 statim
1442 2371 1580 2439 jussit
1591 2374 1843 2441 praeparari

437 2471 621 2502 aeneum
638 2471 881 2519 magnum.
897 2456 1112 2518 Cumque
1124 2453 1305 2500 locatus
1327 2468 1469 2517 super
1484 2453 1643 2517 ignem
1662 2452 1843 2500 fervere

440 2533 674 2597 coepisset,
700 2532 859 2597 posuit
879 2532 928 2580 in
951 2548 1009 2578 eo
1033 2540 1233 2578 cunctos
1257 2529 1398 2577 simul
1422 2546 1542 2594 quos
1568 2520 1844 2594 para-verant

441 2608 591 2668 cibos,
617 2619 714 2656 tam
735 2609 888 2673 pisces
909 2624 1054 2672 quam
1077 2606 1204 2655 olera
1225 2607 1321 2654 sive
1344 2607 1598 2670 legumina,
1617 2605 1690 2653 vel
1712 2604 1847 2670 quid-

442 2685 559 2749 quid
591 2686 653 2733 ad
687 2685 1039 2736 comedendum
1078 2683 1323 2731 monachis
1358 2682 1642 2730 destinatum
1674 2682 1842 2744 fuerat,

443 2762 653 2825 dixitque
689 2779 698 2808 t
733 2782 755 2805 c<
772 2763 876 2809 Deh
886 2764 927 2809 is
957 2761 1168 2826 pultibus
1191 2776 1321 2807 nunc
1356 2759 1629 2807 reficiantur
1660 2758 1838 2807 fratres.

444 2840 562 2885 Nam
583 2855 682 2885 non
704 2839 881 2886 deliciis
899 2845 1082 2899 vacent,
1110 2854 1214 2903 quae
1237 2853 1318 2884 eos
1341 2852 1372 2884 a
1395 2836 1559 2884 divino
1585 2835 1846 2902 impediant
