2054 3450
429 385 441 419 1
453 382 502 418 82
722 352 732 360 .
941 382 1070 418 VITAE
1097 353 1301 418 bATRUM
1310 411 1319 420 .

427 468 569 533 peris,
592 483 680 514 nec
702 468 867 516 metuit
885 483 1138 532 personam
1158 467 1388 532 potentis;
1414 468 1498 515 sed
1519 485 1616 517 una
1639 468 1830 516 eadem-

426 561 519 609 que
540 545 583 591 ei
606 544 692 591 suit
715 544 763 590 in
787 543 1010 591 omnibus
1028 554 1186 593 sancta
1203 543 1410 603 libertaS,
1430 553 1482 591 ut
1496 545 1560 592 ita
1574 546 1833 610 susciperet

425 619 649 686 penulam
683 621 903 685 pauperis
920 657 932 680 ‚
972 637 1028 667 ac
1058 621 1096 667 si
1132 629 1436 667 veneraretur
1479 630 1636 684 togam
1670 621 1832 686 inclyti

424 697 667 744 senatoris.
703 696 833 743 Obiit
853 694 1013 743 autem
1043 696 1276 762 perfectus
1305 697 1354 743 in
1385 697 1653 758 sanctitate,
1685 707 1732 746 et
1756 714 1829 745 se-

426 773 584 838 pultus
606 783 676 821 est
697 774 745 820 in
772 773 963 820 basilica
985 774 1133 820 sancti
1148 773 1375 838 Stephani
1395 773 1457 820 ad
1472 773 1639 821 laevam
1657 773 1828 835 altaris,

423 850 485 898 ad
513 851 646 914 cujus
673 866 802 896 nunc
832 849 1069 896 tumulum
1097 850 1375 914 plerumque
1397 859 1739 914 quartanorum
1758 849 1831 897 fe·-

423 927 541 988 bris,
568 926 884 975 melancholia
907 943 1200 991 compressa,
1228 927 1548 991 restinguitur.

1017 1096 1167 1132 CAPUT
1191 1097 1238 1133 V.

862 1191 914 1225 De
932 1199 1051 1225 sancto
1070 1190 1237 1226 Portiano
1256 1191 1395 1226 abbate.

486 1311 674 1366 Quanta
697 1310 1001 1375 omnipotens
1021 1313 1148 1357 Deus
1164 1327 1251 1358 suo
1274 1309 1440 1358 dicatis
1457 1310 1655 1357 nomine
1677 1308 1834 1356 indul·

421 1394 551 1448 geat‚
574 1396 847 1450 quantaque
870 1387 1047 1433 eisdem
1069 1403 1156 1452 pro
1180 1386 1310 1434 fideli
1325 1387 1515 1434 servitio
1535 1386 1835 1450 benignitatis
1854 1428 1858 1436 .

422 1479 514 1527 ope
536 1461 836 1527 compenset!
877 1466 1047 1527 Magna
1079 1463 1276 1527 quidem
1311 1479 1362 1510 se
1397 1462 1646 1527 pollicetur
1676 1461 1836 1508 reddi-

420 1547 580 1584 turum
615 1539 664 1585 in
699 1538 847 1599 coelo,
884 1539 965 1586 sed
1001 1556 1104 1603 quae
1139 1540 1378 1604 accepturi
1413 1547 1524 1585 sunt
1554 1538 1836 1603 plerumque

420 1614 514 1660 hoc
537 1614 746 1662 declarat
768 1615 816 1661 in
839 1616 1028 1662 saeculo.
1058 1618 1177 1664 Nam
1196 1616 1364 1680 saepius
1386 1615 1446 1663 de
1470 1616 1616 1663 servis
1637 1614 1831 1676 liberos,

422 1690 481 1737 de
515 1690 672 1739 liberis
706 1691 849 1738 efficit
886 1692 1142 1755 gloriosos,
1171 1693 1303 1757 juxta
1336 1692 1452 1739 illud
1482 1691 1834 1758 Psalmographi

422 1767 636 1814 dictum:
666 1789 688 1811 α
711 1769 950 1817 suscitans
983 1785 1011 1815 a
1043 1778 1168 1816 terra
1199 1770 1420 1834 inopem,
1459 1777 1505 1815 et
1535 1767 1596 1815 de
1629 1778 1835 1816 stercore

421 1846 604 1908 erigens
635 1862 895 1911 pauperem
919 1864 929 1892 z
955 1855 1006 1892 ut
1033 1845 1233 1893 collocet
1256 1861 1368 1893 eum
1399 1862 1510 1893 cum
1545 1844 1837 1910 principibus

423 1922 589 1986 populi
622 1923 711 1969 sui.
732 1943 754 1966 »
782 1926 853 1969 De
880 1922 975 1970 hoc
996 1932 1044 1969 et
1070 1928 1204 1970 Anna
1226 1921 1444 1970 Helcanae
1465 1922 1529 1969 ait
1548 1939 1559 1968 :
1593 1941 1616 1965 «
1635 1922 1837 1969 Satur-ati

425 1998 554 2062 prius
600 2015 687 2063 pro
734 2015 857 2063 pane
891 2015 942 2046 se
977 1999 1282 2057 locaverunt,
1324 2007 1372 2044 et
1409 1997 1607 2044 famelici
1642 1998 1835 2044 saturati

426 2086 551 2123 sunt.
584 2094 607 2120 »
651 2078 718 2122 Ex
750 2076 843 2123 hoc
875 2085 922 2123 et
952 2076 1054 2141 ipsa
1087 2075 1418 2140 Redemptoris
1458 2075 1607 2121 nostri
1637 2075 1836 2138 genitrix

427 2152 560 2214 virgo
583 2153 729 2199 Maria
747 2152 936 2199 dicebat
961 2172 973 2199 :
1004 2172 1026 2196 α
1051 2152 1283 2216 Deposuit
1306 2161 1524 2216 potentes
1545 2151 1606 2198 de
1629 2151 1763 2212 sede,
1789 2161 1838 2198 et

426 2228 645 2275 exaltavit
666 2228 888 2276 humiles.
910 2249 933 2273 >›
949 2229 1037 2275 -Sic
1061 2238 1109 2276 et
1133 2228 1487 2293 ipseDominus
1507 2228 1558 2274 in
1582 2227 1836 2291 Evangelio

427 2305 493 2352 ait
523 2323 533 2351 :
571 2309 763 2352 «Erunt
795 2306 938 2371 primi
971 2306 1247 2366 novissimi,
1283 2315 1331 2353 et
1362 2305 1606 2352 novissimi
1628 2305 1787 2369 primi.
1811 2323 1834 2349 »ι

429 2382 567 2429 Micet
592 2399 704 2447 ergo
737 2399 900 2430 amore
922 2399 1011 2430 suo
1034 2382 1195 2430 divina
1217 2381 1539 2429 misericordia
1566 2397 1708 2446 super
1734 2381 1835 2427 ino-

429 2475 535 2523 pes,
562 2469 615 2506 ut
638 2459 698 2506 de
722 2459 878 2524 parvis
900 2475 1098 2523 magnos
1119 2468 1314 2518 statuat,
1341 2475 1395 2505 ac
1423 2457 1484 2506 de
1507 2456 1706 2504 infirmis
1728 2457 1838 2505 Uni-

428 2536 570 2598 geniti
610 2537 683 2583 sui
720 2536 860 2584 faciat
896 2535 1182 2583 cohaeredes.
1224 2535 1428 2583 Praefecit
1476 2535 1606 2582 enim
1650 2534 1711 2581 de
1745 2533 1837 2581 hac

430 2612 674 2660 mundana
696 2622 898 2676 egestate
920 2613 969 2659 in
998 2612 1143 2670 coelo,
1177 2629 1274 2677 quo
1299 2612 1525 2659 scandere
1553 2627 1654 2658 non
1684 2611 1838 2675 potuit

430 2699 670 2737 terrenum
708 2691 987 2754 imperium3
1025 2700 1076 2737 ut
1112 2689 1310 2737 accedat
1338 2689 1450 2736 illuc
1479 2689 1702 2749 rusticus,
1739 2705 1837 2752 quo

351 2813 357 2819 ,
429 2766 655 2814 accedere
683 2784 782 2814 non
813 2768 985 2814 meruit
1014 2776 1316 2832 purpuratus.
1352 2767 1429 2814 Sic
1449 2783 1580 2814 nunc
1606 2766 1667 2813 de
1696 2765 1837 2813 beato

434 2844 656 2891 Portiano
681 2844 871 2899 abbate,
897 2861 1040 2908 quem
1064 2861 1164 2892 non
1188 2843 1335 2891 modo
1354 2843 1416 2891 de
1438 2860 1584 2892 onere
1609 2842 1837 2890 mundani

1631 3060 1634 3063 '
1663 3060 1682 3082 Ο

2032 3103 2054 3261 RQ*

2029 3289 2054 3450 Α’-Ᾰῖ-’ἆῖῗέὲῗῐὶ-*ι
2036 3262 2054 3283 τέ’
