2054 3450
530 302 595 337 DE
624 293 879 345 GREGOIRE
908 302 1001 339 SUR
1031 303 1117 339 ers
1145 303 1382 342 PSAUMES.
1588 305 1663 343 405

319 390 438 434 XIX.
478 387 620 445 Quod
644 390 689 436 in
715 389 817 454 ipso
843 390 1126 453 resurgimus
1146 400 1191 438 et
1215 390 1458 439 laetamur.

316 467 417 512 XX.
456 465 596 523 Quod
628 466 726 530 ipse
752 465 940 514 clibano
964 466 1180 515 infernali
1203 468 1556 517 consumendos
1577 479 1663 518 tra-

251 541 560 606 datiniquos.

315 622 438 666 XXI.
475 618 619 676 Quod
661 620 761 684 ipse
798 620 1044 668 transfixus
1080 620 1224 668 clavis
1262 622 1539 671 vestimenta
1578 640 1661 672 sua

250 706 376 744 sorte
412 696 559 743 dividi
594 698 874 761 permiserit.

313 776 456 820 XXII.
509 773 653 831 Quod
694 774 792 838 ipse
837 774 1040 822 ecclesiae
1082 791 1175 821 suae
1220 790 1395 839 pascua
1439 787 1662 841 preparat

246 849 553 914 sempiterna.

310 929 474 973 XXIII.
520 926 662 984 Quod
706 927 806 991 ipse
842 925 1087 974 ecelesiam
1131 943 1266 975 suam
1303 930 1536 993 sanguine
1572 947 1660 978 suo

246 1003 490 1068 redempta
515 1002 581 1068 [m
605 1003 802 1069 deferat]
826 1004 949 1051 collo
974 1015 1019 1051 et
1044 1022 1185 1070 super
1209 1005 1377 1052 fluctus
1400 1007 1559 1054 seculi.

310 1083 473 1127 XXIV.
512 1081 654 1138 Quod
676 1081 776 1146 ipse
798 1081 1078 1128 distructum
1100 1083 1313 1147 corporis
1337 1084 1407 1130 sui
1432 1084 1662 1149 templum

246 1168 352 1222 post
377 1167 470 1204 tres
493 1167 678 1222 raparet
705 1158 803 1205 dies
826 1159 1132 1222 resurgendo.

308 1237 452 1281 XXV.
492 1235 634 1292 Quod
671 1235 770 1299 ipse
804 1236 1048 1283 ecclesiam
1088 1252 1221 1283 suam
1256 1237 1529 1284 innocentia
1568 1255 1663 1285 me·

242 1310 373 1358 lioris
406 1311 496 1359 vita
528 1311 786 1359 constituit.

307 1392 470 1437 XXVI.
497 1389 641 1447 Quod
664 1392 878 1455 preseus¹
901 1390 1201 1437 inluminatio
1221 1390 1457 1456 protectio
1478 1401 1524 1437 et
1539 1392 1663 1438 salus

243 1467 301 1513 sit
324 1467 614 1531 sperantium
640 1467 685 1513 iu
714 1483 762 1514 se
785 1467 1089 1515 famulorum.

307 1546 491 1591 XXVII.
531 1544 674 1602 Quod
697 1545 796 1608 ipse
820 1544 1067 1606 adjuvatus
1090 1561 1117 1592 a
1140 1555 1272 1610 patre
1295 1544 1578 1592 florescente
1602 1545 1662 1592 de

242 1620 497 1686 sepulchro
523 1638 665 1668 carne
688 1622 955 1669 resurrexit.

306 1701 513 1745 XXVIII.
553 1698 695 1756 Quod
725 1699 826 1764 ipse
848 1698 912 1745 ob
935 1699 1090 1746 aulam
1116 1699 1453 1764 scripturarum
1477 1708 1662 1747 sancta-

242 1792 349 1822 rum
378 1775 683 1823 solitudinem
714 1786 923 1823 errantes
951 1793 1036 1840 per
1058 1776 1276 1840 spiritum
1305 1785 1523 1822 sanctum
1548 1792 1662 1840 pan-

244 1852 341 1899 dat.

306 1932 469 1976 XXIX.
509 1929 651 1986 Quod
675 1930 775 1994 ipse
799 1930 1044 1995 planctum
1068 1929 1273 1977 ecclesiae
1296 1930 1587 1993 resurgendo
1609 1931 1659 1977 in

239 2008 411 2070 gaudia
432 2018 605 2055 aeterna
630 2017 795 2055 vertat.

304 2087 445 2132 XXX.
485 2083 628 2142 Quod
665 2085 765 2149 ipse
804 2085 930 2131 cruci
969 2083 1148 2132 adfixus
1188 2084 1406 2150 spiritum
1439 2084 1658 2132 manibus

240 2163 383 2227 patris
403 2161 758 2209 commendavit
779 2162 1003 2209 velociter
1026 2172 1315 2227 recepturus.

305 2241 466 2286 XXXI.
505 2239 650 2296 Quod
672 2239 772 2304 ipse
795 2238 986 2285 festinus
1008 2239 1332 2285 remissionem
1356 2237 1528 2285 tribuat
1553 2254 1657 2302 pec·

239 2316 469 2374 cantium,
495 2315 533 2361 si
559 2331 677 2379 pura
700 2315 760 2361 sit
781 2315 1012 2362 confessio
1035 2315 1335 2362 delictorum.

307 2395 491 2439 XXXII.
530 2392 671 2449 Quod
704 2392 751 2437 in
788 2392 890 2456 ipso
921 2392 1001 2455 qui
1031 2401 1101 2439 est
1132 2392 1333 2439 verbum
1367 2393 1511 2457 patris
1549 2391 1654 2439 coeli

241 2471 528 2532 virtutesque
549 2485 716 2516 eorum
742 2468 912 2516 firmati
937 2478 1064 2515 sunt.

304 2550 511 2594 XXXIII.
539 2546 683 2604 Quod
704 2548 802 2612 ipse
820 2547 971 2611 justos
986 2547 1035 2593 in
1057 2546 1252 2595 diversis
1269 2547 1653 2595 tribulationibus

240 2625 449 2689 angelica
471 2625 782 2690 opitulatione
808 2624 1059 2673 custodiat.

1455 2733 1645 2744 ..—.—-—-

291 2797 345 2844 (1)
372 2796 485 2833 Forte
499 2808 593 2844 pars
611 2795 715 2846 (ps.).
