2054 3450
480 347 554 383 408
794 341 1089 380 FRAGMENTS
1117 342 1187 378 DU
1214 341 1565 378 COMMENTAIRE

542 433 697 478 LXVI.
737 429 880 488 Quod
904 431 1002 494 ipse
1025 428 1318 476 credentium
1341 427 1502 474 lumen
1526 428 1598 475 sit.

545 510 720 555 LXVII.
749 506 888 564 Quod
911 507 998 571 ipsi
1016 506 1103 552 soli
1122 505 1284 553 omnia
1299 521 1443 569 regna
1461 515 1593 551 terrae
1611 504 1878 552 decantent.

545 587 744 632 LXVIII.
782 584 925 642 Quod
955 584 1053 648 ipse
1077 599 1184 630 esca
1204 582 1319 629 fellis
1343 592 1390 629 et
1413 582 1660 648 asperitate
1685 582 1803 629 aceti
1824 582 1883 629 sit

481 662 659 726 potitus
670 676 757 725 pro
783 669 943 707 nostra
967 659 1133 706 salute.

544 741 702 785 LXIX.
740 737 884 795 Quod
905 737 1005 801 ipse
1028 736 1215 800 adjutor
1239 751 1295 782 ac
1319 733 1539 782 liberator
1560 735 1617 781 sit
1639 735 1687 782 in
1711 750 1760 782 se
1783 751 1886 782 cre-

480 810 695 857 dentium
717 809 1037 856 alumnorum.

547 888 680 932 LXX.
719 884 862 943 Quod
891 885 989 949 ipse
1019 884 1153 931 labiae
1187 893 1356 930 nostrae
1390 881 1565 930 tribuat
1596 881 1661 928 ob
1689 881 1886 944 gloriam

481 963 688 1010 nominis
711 963 781 1008 sui
806 960 1145 1007 nunciandam.
1924 954 1941 965 ”

545 1042 704 1085 LXXI.
743 1038 885 1096 Quod
906 1039 1005 1102 ipse
1028 1037 1275 1083 humiliato
1299 1035 1638 1084 calumniatore
1661 1033 1721 1080 ab
1741 1032 1889 1079 homi-

482 1115 622 1162 nibus
644 1115 839 1162 terrenis
859 1114 1047 1178 regibus
1070 1113 1341 1161 adorandus
1365 1114 1436 1160 sit.

547 1194 725 1238 LXXII.
764 1190 903 1249 Quod
931 1192 1029 1256 ipse
1049 1191 1221 1255 iniquis
1241 1184 1434 1255 propter
1450 1188 1749 1235 dolositatem
1769 1186 1888 1233 mala

484 1269 713 1316 restituat.

552 1351 751 1395 LXXIII.
789 1347 930 1404 Quod
956 1348 1052 1412 ipse
1076 1347 1303 1394 creaverit
1328 1356 1497 1393 cuncta
1519 1345 1763 1392 aelementa
1786 1359 1891 1407 quae

483 1441 738 1471 cernimus.

551 1503 748 1547 LXXIV.
786 1499 926 1557 Quod
954 1500 1052 1564 ipse
1085 1499 1149 1546 ob
1178 1499 1553 1563 redemptionem
1586 1496 1792 1543 hominis
1822 1512 1894 1543 ca-

485 1581 623 1627 licem
644 1579 851 1625 hauserit
876 1578 1121 1642 passionis.

550 1657 753 1702 LXXV¹.
792 1654 935 1712 Quod
967 1655 1065 1718 ipse
1089 1671 1185 1701 non
1210 1653 1364 1700 solum
1388 1652 1435 1698 in
1460 1651 1618 1698 Judaea
1649 1649 1732 1696 sed
1753 1650 1894 1697 etiam

487 1735 535 1779 in
569 1733 750 1780 cunctis
780 1731 952 1778 finibus
981 1741 1113 1778 terrae
1142 1729 1441 1796 [apost]olica
1474 1738 1543 1776 est
1575 1726 1895 1791 predicatione

489 1810 720 1873 vulgatus.

553 1888 750 1933 LXXVI.
789 1883 932 1942 Quod
969 1885 1067 1950 ipse
1104 1883 1239 1931 faciat
1273 1884 1426 1948 [m....
1469 1880 1746 1929 clementius
1782 1878 1897 1927 hilia

492 1978 659 2025 magna
683 1961 840 2026 salus].

560 2041 778 2084 LXXVII.
817 2037 959 2095 Quod
991 2038 1088 2102 ipse
1121 2036 1351 2102 populum
1381 2034 1596 2100 spiritalis
1618 2048 1793 2080 manna
1822 2047 1896 2078 re-

493 2114 617 2161 ficiat
641 2114 882 2160 alimento.

558 2193 795 2238 LXXVIII.
835 2189 978 2247 Quod
1001 2190 1099 2253 ipse
1125 2187 1372 2235 ulciscatur
1390 2187 1666 2250 sanguinem
1685 2194 1895 2232 mortuo-

495 2284 602 2314 rum
625 2267 685 2315 ob
707 2266 906 2329 gloriam
930 2266 1135 2312 nominis
1156 2266 1225 2311 sui
1249 2264 1466 2311 effusum.
1794 2250 1798 2254 ’
1844 2273 1850 2277 ’

562 2345 757 2389 LXXIX.
797 2342 938 2401 Quod
963 2343 1059 2407 ipse
1086 2358 1226 2406 super
1248 2341 1477 2388 cherubin
1507 2329 1895 2395 residensJEccle-

494 2421 612 2467 siam
637 2428 687 2467 ut
711 2421 897 2467 vineam
921 2419 1081 2466 dilatet
1102 2435 1156 2466 ac
1179 2418 1418 2465 defendat.

561 2500 738 2544 LXXX.
775 2496 917 2554 Quod
937 2497 1035 2561 ipse
1057 2496 1165 2560 (sie)
1189 2494 1447 2543 debeamus
1468 2492 1752 2559 spiritalibus
1773 2491 1900 2539 tubis

494 2584 591 2623 tota
618 2584 774 2621 mente
799 2574 1065 2620 concinere.

551 2759 604 2804 (1)
619 2756 678 2794 Ab
694 2757 767 2795 hoc
784 2757 908 2809 capite
922 2770 1042 2808 usque
1060 2757 1107 2796 ad
1124 2758 1235 2795 finem
1250 2753 1597 2807 codicis‚temporis
1613 2752 1764 2802 injuria,
1783 2751 1901 2803 scrip-
1936 2759 1939 2762 ’

498 2825 582 2855 tura
600 2829 709 2867 poene
726 2825 803 2854 tota
823 2829 931 2855 erasa
949 2824 1019 2856 est.
1050 2864 1052 2866 Ι
