2054 3450
456 387 532 422 276
968 385 1095 420 vrrAE
1122 366 1341 420 PATRUM.

454 490 503 521 se
528 474 787 520 Dominum
810 473 1140 536 deprecaretur
1162 488 1173 518 z
1204 488 1226 514 «
1243 469 1392 526 Vade,
1419 471 1588 534 inquit,
1617 481 1663 524 et
1687 472 1861 536 pariter

454 550 554 613 ejus
577 549 972 615 omnipotentiam
996 565 1084 614 pro
1105 549 1253 595 salute
1280 548 1447 595 animae
1470 553 1562 595 tuae
1589 565 1858 614 poscamus.

454 629 559 674 Non
587 636 656 673 est
677 626 803 673 enim
824 625 1025 672 difficilis
1050 625 1284 671 Dominus
1303 641 1352 671 se
1371 623 1706 672 confitentibus
1727 625 1862 672 mise-

454 704 572 764 reri,
599 720 708 750 cum
733 703 833 768 ipse
855 719 941 768 per
962 701 1243 767 prophetam
1270 700 1395 747 dicat
1424 719 1435 746 ε
1470 721 1491 743 «
1514 699 1634 747 Nolo
1661 712 1860 749 mortem

455 780 743 844 peccatoris,
777 780 861 826 sed
900 789 950 826 ut
979 788 1282 826 convertatur
1305 787 1352 824 et
1380 778 1521 825 vivat.
1548 796 1571 822 »
1605 777 1862 826 Orantibus

453 865 610 904 autem
635 857 723 903 illis
739 892 751 915 ‚
779 856 971 904 advenit
991 856 1160 902 iterum
1185 865 1390 902 tentator
1406 855 1453 901 in
1471 854 1609 901 simili
1629 856 1783 920 specie
1799 855 1860 903 ad

452 933 785 981 Secundellum
811 932 1085 992 diaconem,
1107 932 1269 979 dicens
1287 950 1297 977 ε
1320 951 1341 974 «
1361 935 1528 978 Nonne
1548 948 1860 997 praeceperam

453 1009 562 1069 tibi,
598 1027 656 1056 eo
691 1009 824 1074 quod
856 1026 968 1056 oves
999 1026 1113 1056 meae
1151 1009 1379 1056 morbidae
1411 1018 1565 1056 essent
1595 1019 1642 1055 et
1676 1019 1863 1073 pastore

453 1086 748 1150 indigerent,
793 1096 844 1133 ut
878 1086 1165 1150 egredereris
1197 1096 1243 1132 et
1275 1086 1508 1143 visitares,
1546 1095 1686 1149 atque
1721 1102 1863 1150 opem

452 1163 662 1210 sanitatis
696 1164 761 1210 eis
791 1162 1052 1210 tribueres?
1073 1183 1094 1206 »
1133 1164 1187 1210 Et
1224 1161 1301 1208 ille
1329 1179 1338 1207 :
1371 1164 1471 1208 «In
1508 1163 1701 1210 veritate
1736 1163 1864 1210 enim

453 1241 666 1305 comperi
703 1240 836 1304 quod
870 1240 1090 1287 seductor
1127 1240 1210 1298 sis,
1253 1255 1406 1302 neque
1446 1249 1489 1286 te
1526 1242 1680 1286 Deum
1717 1239 1862 1286 credo

453 1318 588 1381 cujus
615 1327 661 1364 te
691 1318 894 1382 speciem
925 1317 1137 1363 mentiris
1165 1315 1356 1363 habere.
1385 1318 1559 1363 Tamen
1586 1317 1623 1363 si
1651 1316 1864 1363 Christus

453 1411 503 1441 es
514 1430 526 1453 ,
559 1411 749 1442 crucem
774 1404 906 1441 tuam
938 1410 1081 1457 quam
1111 1394 1339 1457 reliquisti
1374 1394 1524 1458 ipsam
1559 1392 1786 1453 ostende,
1819 1402 1866 1440 et

453 1471 643 1519 credam
669 1471 770 1518 tibi.
794 1491 814 1514 »
837 1473 1053 1534 Cumque
1073 1487 1171 1516 non
1192 1470 1489 1526 ostenderet,
1511 1470 1743 1517 diaconus
1762 1485 1865 1517 cru-

453 1563 559 1595 cem
598 1548 792 1594 Domini
829 1548 876 1594 in
916 1564 970 1594 os
1008 1548 1106 1611 ejus
1140 1546 1343 1606 faciens,
1394 1547 1618 1594 confusus
1654 1548 1859 1594 evanuit.

456 1625 753 1689 Rursumque
777 1623 838 1671 ad
860 1641 971 1671 eum
993 1625 1188 1671 veniens
1215 1639 1326 1670 cum
1358 1622 1658 1671 multitudine
1685 1624 1862 1671 daemo-

455 1717 595 1759 num,
618 1710 747 1748 tanta
766 1717 875 1747 eum
896 1700 1022 1748 caede
1040 1700 1285 1759 mactavit,
1314 1709 1366 1747 ut
1392 1701 1468 1747 vix
1490 1711 1734 1765 putaretur
1753 1717 1864 1749 eva-

454 1776 589 1835 dere,
628 1787 675 1824 et
698 1776 945 1825 discedens
980 1793 1216 1840 nusquam
1239 1778 1520 1842 comparuit.
1547 1778 1676 1825 Idem
1702 1788 1866 1843 postea

455 1852 687 1900 diaconus
710 1854 758 1900 in
782 1869 968 1900 summa
998 1854 1244 1900 sanctitate
1271 1854 1557 1915 perdurans,
1595 1854 1673 1901 die
1703 1853 1864 1902 debito

456 1929 708 1978 defunctus
732 1940 816 1978 est.

522 2008 570 2054 3.
616 2010 783 2054 Beatus
815 2023 930 2055 vero
972 2006 1216 2066 Friardus,
1257 2023 1366 2053 cum
1400 2006 1581 2069 magnis
1613 2006 1865 2054 virtutibus

458 2082 721 2147 effulgeret,
747 2084 955 2148 quadam
982 2084 1086 2130 vice
1116 2083 1361 2131 effractum
1387 2101 1412 2131 e
1440 2093 1581 2130 vento
1606 2083 1667 2131 ab
1692 2083 1864 2132 arbore

456 2175 669 2222 ramum,
705 2177 879 2226 quem,
919 2170 972 2207 ut
1006 2161 1186 2220 ferunt,
1224 2161 1323 2226 ipse
1360 2161 1616 2208 inseruerat
1646 2161 1862 2225 collegit,

457 2238 870 2303 compositumque
902 2237 1126 2285 baculum
1163 2237 1252 2284 sibi
1289 2237 1489 2294 exinde,
1541 2254 1686 2301 quem
1720 2254 1864 2284 manu

459 2324 665 2377 gereret,
703 2314 828 2362 fecit.
867 2318 979 2362 Post
1015 2314 1217 2361 multum
1254 2330 1368 2362 vero
1408 2324 1593 2378 tempus
1630 2314 1725 2378 jam
1760 2330 1862 2361 are-

458 2391 628 2439 factam
651 2393 830 2455 virgam
855 2394 903 2439 in
929 2401 1051 2439 terra
1073 2391 1327 2467 plantavit&
1353 2391 1599 2455 infusaque
1627 2385 1750 2455 aqua
1779 2407 1862 2438 sae-

458 2468 582 2532 pius,
606 2468 806 2516 baculus
827 2469 905 2516 ille
923 2468 1148 2516 frondens
1169 2467 1323 2515 emisit
1341 2478 1387 2515 et
1407 2485 1569 2533 poma,
1589 2467 1865 2532 atquea'nfra

460 2545 583 2593 duos
607 2556 689 2594 aut
718 2557 811 2594 tres
834 2563 987 2594 annos
1007 2547 1055 2593 in
1085 2562 1305 2610 magnam
1328 2545 1509 2593 arboris
1533 2546 1861 2611 proceritatem

458 2622 686 2671 distentus
709 2625 927 2671 excrevit.
955 2623 1098 2681 Quod
1119 2640 1226 2670 cum
1250 2623 1427 2686 grande
1459 2623 1741 2670 miraculum
1769 2639 1865 2687 po-

462 2700 584 2763 pulis
611 2702 914 2749 cernentibus
938 2701 1207 2761 haberetur,
1240 2710 1286 2748 et
1316 2701 1529 2765 quotidie
1557 2701 1618 2748 ad
1647 2701 1773 2749 hanc
1793 2701 1863 2747 vi-

463 2776 660 2825 sendam
694 2779 914 2826 immanis
947 2775 1086 2825 turba
1121 2778 1407 2838 conflueret,
1452 2787 1504 2824 ut
1541 2779 1681 2825 etiam
1711 2779 1862 2844 ipsam

464 2855 778 2902 remotionem
803 2855 964 2902 insulae
983 2856 1129 2902 virtus
1152 2854 1338 2919 prodita
1363 2855 1648 2919 publicaret,
1675 2858 1863 2902 sanctus
