2054 3450
414 304 429 338 1
441 303 489 339 58
929 300 1055 334 VITAE
1082 299 1301 335 PATRUM.

412 404 500 434 nec
534 387 595 433 ad
630 371 841 432 nostrain
870 385 1085 432 notitiam
1118 395 1466 449 pervenerunt„
1487 401 1543 432 ea
1571 400 1675 448 quae
1708 399 1816 447 pro-

413 464 526 527 priis
549 461 837 526 inspeximus
862 461 1034 518 oculis,
1060 462 1331 525 expertique
1361 477 1539 521 sumus,
1564 460 1639 507 vel
1664 475 1767 523 quae
1792 474 1818 505 a

413 538 629 585 fidelibus
661 538 817 601 agnita
849 538 1160 600 cognovimus
1183 573 1194 595 ,
1238 536 1545 583 declaramus.
1588 539 1819 600 Tempore

413 630 510 677 quo
549 614 710 661 Gallus
742 615 991 679 episcopus
1024 617 1281 663 Arvernam
1313 611 1506 675 regebat
1541 612 1786 658 ecclesiam
1803 650 1815 668 ,

413 691 587 737 horum
617 693 817 756 scriptor
843 691 890 737 in
915 690 1232 737 adolescentia
1255 689 1431 752 degens
1454 688 1656 751 graviter
1679 703 1822 750 aegro-

414 767 569 823 tabat,
608 777 655 814 et
677 768 737 814 ab
765 783 822 814 eo
847 768 1125 831 plerumque
1156 766 1409 812 dilectione
1441 765 1581 814 unica
1605 763 1822 810 visitaba-

415 853 509 904 tur,
542 861 601 891 eo
629 843 761 907 quod
789 852 984 907 patruus
1014 843 1114 905 ejus
1144 851 1290 898 esset3
1323 851 1422 888 erat
1445 841 1574 887 enim
1602 839 1824 887 valetudo

415 936 525 966 cum
557 921 704 967 nimia
733 919 963 966 stomachi
990 919 1158 982 pituita
1187 935 1243 965 ac
1274 917 1404 964 febre
1432 916 1602 964 valida.
1645 917 1827 962 Interea

416 996 606 1043 advenit
626 996 824 1061 parvulo
847 994 1131 1041 desiderium
1149 1030 1160 1053 ‚
1185 1004 1232 1041 et
1253 994 1398 1040 credo
1421 993 1679 1058 inspirante
1701 994 1822 1048 Deo,

418 1083 470 1119 ut
497 1073 558 1120 ad
584 1073 711 1120 beati
742 1073 881 1119 Illidii
911 1071 1151 1118 basilicam
1186 1071 1539 1135 deportaretur3
1579 1068 1827 1131 illatusque

419 1149 635 1196 manibus
671 1165 928 1213 puerorum
956 1147 1019 1195 ad
1049 1149 1149 1211 ejus
1184 1148 1444 1205 tumulum,
1482 1146 1582 1192 fusa
1615 1144 1829 1191 oratione

417 1243 527 1272 cum
548 1225 785 1288 lacrymis,
810 1224 1037 1272 leviorem
1070 1241 1118 1271 se
1150 1224 1295 1270 sensit
1320 1240 1420 1269 esse
1443 1238 1588 1286 quam
1610 1236 1722 1267 cum
1747 1235 1829 1266 ve-

420 1313 578 1361 nerat3
606 1318 913 1365 reversusque
937 1301 998 1347 ad
1029 1300 1246 1357 domum,
1272 1301 1444 1346 iterum
1471 1315 1498 1344 a
1530 1297 1659 1344 febre
1683 1296 1831 1343 corri-

418 1381 563 1444 pitur.
591 1379 811 1437 Quadam
833 1394 945 1424 vero
971 1377 1047 1424 die
1076 1394 1188 1424 cum
1212 1377 1398 1439 gravius
1426 1391 1561 1438 agere
1594 1373 1828 1437 coepisset,

419 1472 624 1520 eumque
663 1455 804 1501 febris
841 1455 1052 1519 asperior
1084 1454 1224 1500 solito
1255 1461 1550 1515 aggravaret,
1588 1460 1635 1497 et
1669 1459 1830 1496 utrum

419 1533 639 1580 evaderet
675 1530 823 1578 dubia
851 1530 939 1578 sub
977 1538 1103 1576 sorte
1132 1530 1309 1592 jaceret
1327 1565 1339 1588 ,
1371 1526 1600 1575 accedens
1634 1525 1830 1590 genitrix

420 1611 520 1673 ejus
542 1608 606 1654 ait
630 1606 692 1654 ad
719 1623 862 1653 eum:
894 1608 1156 1652 «Moestum
1186 1604 1349 1662 hodie,
1385 1603 1536 1666 dulcis
1567 1612 1692 1659 nate,
1723 1617 1829 1647 sum

422 1684 639 1731 habitura
669 1683 820 1743 diem,
852 1698 963 1728 cum
994 1692 1039 1728 te
1065 1680 1169 1727 talis
1200 1681 1366 1727 attinet
1397 1678 1555 1726 febris.
1576 1699 1599 1721 »
1633 1681 1690 1724 Et
1724 1677 1829 1724 ille:

425 1782 446 1806 «
472 1761 615 1820 Nihil,
643 1760 814 1824 inquit,
843 1775 1053 1824 prorsus,
1082 1757 1301 1815 obsecro,
1328 1756 1635 1815 contristeris,
1665 1755 1747 1802 sed
1773 1755 1835 1802 ad

422 1838 692 1902 sepulcrum
728 1852 805 1883 me
834 1836 1020 1882 remitte
1051 1835 1177 1881 beati
1215 1834 1351 1881 Illidii
1386 1832 1643 1899 pontificis,
1679 1831 1834 1878 Credo

424 1916 569 1974 enim,
600 1924 647 1960 et
674 1913 791 1959 fides
820 1929 924 1959 mea
950 1922 1036 1972 est,
1070 1911 1202 1975 quod
1232 1911 1378 1957 virtus
1410 1910 1527 1973 ejus,
1558 1918 1604 1954 et
1632 1907 1719 1954 tibi
1742 1906 1834 1953 liti-

425 1992 555 2050 tiam‚
581 2000 628 2036 et
650 1989 766 2036 mihi
787 1988 961 2034 tribuet
983 1989 1275 2051 sospitatem.
1297 2006 1319 2029 »
1341 1989 1472 2032 Tunc
1493 1984 1641 2031 sancti
1664 1983 1835 2047 depor-

426 2078 548 2116 tatus
581 2066 643 2114 ad
679 2065 943 2124 tumulum,
984 2065 1251 2110 orationem
1291 2063 1351 2109 ad
1386 2062 1648 2108 Dominum
1684 2059 1832 2120 fudit,

427 2143 668 2209 spondens
696 2150 957 2206 prostratus
980 2150 1168 2204 sponte,
1194 2139 1234 2185 si
1258 2156 1372 2185 eum
1396 2138 1594 2185 obtentu
1621 2137 1837 2183 antistitis

428 2222 499 2268 sui
533 2220 768 2266 Dominus
799 2217 859 2264 ab
890 2217 984 2263 hoc
1015 2217 1236 2279 contagio
1263 2215 1500 2275 liberaret⁷
1532 2214 1758 2261 clericum
1788 2229 1838 2260 se

430 2297 670 2354 futurum3
699 2311 787 2341 nec
812 2310 1003 2357 prorsus
1028 2302 1309 2352 moraretur,
1348 2292 1387 2338 si
1421 2290 1689 2355 deprecatio
1714 2289 1838 2336 obti-

430 2384 562 2420 neret
591 2372 828 2420 effectum.
856 2374 964 2416 Haec
987 2369 1153 2416 effatus
1183 2370 1327 2416 sensit
1353 2369 1569 2434 protinus
1597 2367 1839 2415 discedere

433 2450 626 2511 febrem,
654 2458 918 2511 vocatoque
942 2462 1112 2511 puero,
1148 2446 1348 2493 domum
1368 2461 1417 2492 se
1436 2444 1667 2509 reportari
1689 2443 1838 2508 depo—

432 2527 532 2572 scit.
559 2528 775 2589 Cumque
798 2525 847 2570 in
867 2523 1080 2570 recubitu
1100 2521 1184 2569 ubi
1206 2532 1319 2569 tunc
1341 2521 1656 2586 epulabantur
1680 2519 1838 2566 fuisset

434 2602 605 2662 illatus,
643 2610 921 2664 erumpente
953 2615 981 2646 a
1015 2598 1209 2646 naribus
1243 2598 1481 2661 sanguinis
1511 2597 1664 2660 copia,
1698 2595 1840 2642 febris

435 2678 574 2725 simul
610 2694 842 2740 cruorque
880 2676 1092 2722 defluxit.
1125 2675 1267 2733 Quod
1298 2675 1475 2726 meritis
1497 2673 1624 2720 beati
1651 2672 1837 2719 confes-

436 2755 554 2802 soris
576 2755 837 2820 praestitum
858 2751 1060 2800 habetur
1080 2752 1353 2816 probatum.
1386 2750 1479 2798 Sed
1496 2760 1544 2797 et
1565 2766 1719 2814 nuper
1744 2752 1837 2796 Ve-

464 3358 469 3366 ,
438 3246 465 3306 ΞΜ
440 3190 441 3193 ‘

467 3190 520 3266 ,σεξ
