2054 3450
407 314 483 352 154
800 350 809 358 ,
919 312 1047 348 VITAE
1073 312 1291 349 PATRUM.

406 401 500 446 vita
522 399 678 463 aliqua
700 399 973 462 scripturus,
1004 387 1194 446 veniam
1214 406 1326 462 peto
1349 412 1378 444 a
1401 396 1678 459 legentibus.
1707 399 1812 443 Non

405 479 534 524 enim
565 493 642 524 me
676 477 787 523 artis
825 475 1137 538 grammaticae
1173 474 1382 520 studium
1417 474 1616 531 imbuit,
1659 490 1813 538 neque

405 563 653 600 auctorum
685 552 975 600 saecularium
1007 551 1153 616 polita
1184 551 1322 598 lectio
1350 550 1569 609 erudivit,
1595 550 1679 598 sed
1701 560 1813 598 tan—

405 641 507 677 tum
538 630 665 677 beati
693 630 838 695 patris
874 629 993 675 Aviti
1022 629 1220 675 Arverni
1245 626 1486 693 pontificis
1514 625 1723 673 studium
1752 627 1813 674 ad

405 707 715 755 ecclesiastica
737 706 1004 754 sollicitavit
1025 705 1234 770 scripta¹.
1257 704 1305 750 Si
1326 702 1444 749 mihi
1472 718 1571 749 non
1595 702 1658 749 ad
1682 703 1812 767 judi-

406 785 532 831 cium
564 783 891 846 contingerent
927 798 1031 845 quae
1067 782 1171 846 ipso
1205 780 1489 846 praedicante
1511 778 1701 838 audivi,
1743 781 1814 828 vel

405 870 603 925 cogente
637 859 796 922 relegi,
839 858 949 922 quia
982 874 1038 905 ea
1070 874 1257 921 nequeo
1295 855 1548 903 observare
1577 872 1588 900 ε
1623 856 1707 919 qui
1739 872 1816 903 me

404 948 513 1003 post
555 936 768 983 Davidici
809 935 1031 982 carminis
1065 950 1242 981 cannas
1261 969 1273 993 ,
1317 932 1379 979 ad
1420 931 1499 979 illa
1536 931 1816 994 evangelicae

408 1013 750 1079 praedicationis
785 1012 927 1070 dicta,
971 1021 1114 1076 atque
1147 1009 1415 1075 apostolicae
1446 1008 1630 1055 virtutis
1667 1008 1816 1056 histo-

406 1092 498 1138 rias
528 1090 843 1155 epistolasque
871 1089 1120 1153 perduxit;
1147 1088 1207 1135 de
1231 1104 1328 1151 quo
1357 1102 1412 1133 ea
1438 1094 1625 1134 tantum
1648 1101 1817 1150 capere

406 1169 559 1234 potui,
586 1176 637 1214 ut
658 1182 994 1230 cognoscerem
1016 1168 1175 1212 Jesum
1198 1164 1439 1210 Christum
1462 1162 1612 1209 filium
1636 1162 1725 1209 Dei
1755 1162 1817 1209 ad

406 1245 605 1293 salutem
637 1243 805 1290 mundi
847 1245 1059 1300 venisse,
1097 1252 1239 1306 atque
1272 1241 1453 1288 amicos
1485 1239 1586 1302 ejus
1617 1240 1701 1303 qui
1737 1254 1817 1286 ac-

406 1331 544 1387 cepta
563 1337 704 1368 cruce
719 1330 913 1367 austerae
933 1318 1242 1366 observantiae
1261 1319 1499 1382 Sponsum
1521 1316 1668 1363 secuti
1687 1323 1813 1376 sunt,

406 1399 561 1463 dignis
583 1396 822 1460 obsequiis
845 1396 1101 1443 honorare.
1139 1399 1246 1453 Qua
1271 1395 1332 1442 de
1359 1411 1411 1441 re
1441 1393 1600 1441 crudae
1633 1393 1816 1450 rustici-

407 1476 512 1522 tatis
545 1474 853 1521 temeritatem
889 1472 1166 1531 ostendens‚
1206 1488 1311 1535 quae
1348 1470 1408 1518 de
1441 1470 1581 1517 beato
1617 1471 1818 1534 cognovi

410 1550 579 1610 lllidio,
604 1551 686 1597 illo
708 1567 806 1615 quo
826 1566 1023 1614 possum
1044 1547 1286 1613 proferam
1307 1546 1446 1611 stylo.

475 1631 519 1674 1.
558 1629 757 1674 Sanctus
779 1627 921 1689 igitur
941 1625 1118 1673 lllidius
1142 1642 1253 1672 cum
1274 1624 1490 1690 perfectae
1508 1623 1614 1671 vitae
1638 1623 1819 1670 sancti—

409 1713 504 1751 tate
538 1703 761 1768 polleret,
786 1719 842 1750 ac
871 1702 1164 1750 diversarum
1195 1702 1243 1748 in
1273 1717 1323 1748 se
1348 1700 1603 1764 gratiarum
1636 1698 1821 1746 charis—-

409 1791 535 1829 mata
552 1782 776 1845 largiente
794 1781 1002 1827 Domino
1022 1780 1353 1842 congessisset,
1371 1777 1488 1825 illud
1507 1775 1640 1841 quod
1661 1775 1821 1823 adhuc

409 1858 665 1905 sanctitatis
692 1857 888 1904 culmini
920 1858 1108 1917 deerat,
1138 1858 1238 1903 Deo
1266 1855 1524 1920 inspirante
1556 1869 1611 1901 ac
1638 1852 1819 1918 populo

409 1933 610 1997 eligente
635 1934 912 1999 promeruit,
942 1942 993 1979 ut
1015 1932 1236 1979 sacerdos
1261 1935 1478 1978 Arvernae
1509 1930 1714 1977 ecclesiae
1730 1966 1742 1990 ,
1774 1941 1820 1976 et

409 2010 758 2058 dominicarum
793 2011 954 2057 ovium
987 2019 1147 2073 pastor
1174 2009 1437 2071 eligeretur.
1477 2007 1619 2070 Cujus
1646 2008 1818 2053 sancti-

411 2088 517 2134 tatis
534 2087 658 2135 fama
676 2087 793 2134 dum
814 2103 899 2152 per
917 2087 1127 2133 diversos
1148 2088 1403 2148 gratiarum
1423 2083 1639 2131 evehitur
1660 2099 1821 2130 ascen-

411 2182 508 2223 sus,
534 2181 632 2211 non
658 2164 811 2211 solum
840 2164 967 2228 ipsos
999 2162 1192 2209 Arverni
1218 2161 1440 2207 territorii
1468 2160 1712 2219 terminos,
1737 2175 1818 2206 ve-

411 2257 519 2287 rum
536 2242 676 2287 etiam
693 2241 954 2287 vicinarum
972 2238 1158 2285 urbium
1177 2237 1294 2284 fines
1309 2236 1470 2284 adivit.
1489 2235 1627 2282 Unde
1640 2236 1821 2283 factum

412 2326 482 2363 est
511 2326 564 2363 ut
595 2316 695 2362 haec
718 2315 866 2379 gloria
886 2315 1116 2362 Treverici
1141 2313 1438 2378 imperatoris
1466 2329 1601 2359 aures
1624 2313 1823 2376 attinge-

411 2403 498 2452 ret,
527 2393 660 2456 cujus
682 2392 803 2439 filia²
825 2408 934 2438 cum
958 2408 986 2438 a
1007 2391 1173 2456 spiritu
1202 2389 1452 2436 immundo
1477 2399 1693 2454 correpta
1716 2405 1821 2452 gra-

413 2472 532 2517 viter
553 2480 816 2531 vexaretur,
845 2480 890 2516 et
912 2486 1011 2516 non
1035 2468 1322 2515 inveniretur
1349 2483 1372 2514 a
1398 2483 1495 2530 quo
1520 2477 1677 2531 posset
1700 2467 1817 2525 erui,

414 2548 605 2594 beatum
633 2546 835 2593 lllidium
872 2546 996 2593 fama
1021 2545 1195 2592 detexit
1217 2562 1228 2590 z
1254 2553 1302 2590 et
1334 2543 1460 2590 dicto
1489 2544 1625 2589 citius
1647 2541 1707 2589 ab
1729 2543 1820 2588 im·-

469 2731 527 2784 (1)
557 2731 653 2769 Vide
673 2733 889 2779 Fortunat„
909 2729 975 2769 lib.
995 2733 1041 2779 V,
1062 2743 1180 2769 carm.
1202 2732 1240 2767 4.

470 2790 529 2842 (2)
557 2791 665 2830 Idem
686 2790 800 2828 habet
821 2790 1027 2841 Gregorius
1045 2789 1113 2830 lib.
1132 2792 1151 2827 I
1169 2789 1285 2839 Hist.‚
1306 2800 1392 2839 cap.
1406 2801 1468 2825 XL.
1495 2786 1577 2839 (R.)
