2054 3450
433 389 481 424 46
796 387 861 422 DE
890 387 1076 424 GLORIA
1105 388 1475 427 CONFESSORUM.

431 474 541 520 dam
565 473 773 520 fidelium
799 473 1142 539 dignarumque
1170 478 1272 522 Deo
1304 477 1570 524 animarum
1601 477 1832 541 sepulcra,

431 551 649 614 frequens
672 551 841 598 occulti
869 552 1097 617 psallentii
1118 554 1389 615 mysterium
1405 553 1571 612 docet3
1594 571 1708 601 cum
1733 553 1834 618 ple-

430 645 630 692 rumque
666 629 824 676 multis
864 640 1138 694 appareant,
1169 631 1216 676 in
1255 631 1358 694 ipso
1392 647 1565 676 vocum
1597 631 1834 695 praeconio

430 707 680 754 reddentes
704 708 1018 772 omnipotenti
1047 710 1147 754 Deo
1172 708 1424 771 gratiarum
1448 706 1657 754 debitam
1687 708 1835 754 actio-

430 800 556 830 nem.
584 787 701 831 Nam
722 785 882 831 audivi
905 783 1032 846 quod
1056 784 1153 830 duo
1184 801 1239 830 ex
1263 784 1429 830 incolis
1452 784 1563 841 loci,
1595 783 1710 830 dum
1732 784 1836 830 loca

430 872 590 908 sancta
619 861 787 909 orandi
821 862 966 924 gratia
1000 861 1246 907 circumire
1278 860 1603 925 disponerent,
1638 859 1837 906 audiunt

431 938 476 983 in
515 937 706 984 basilica
746 938 888 984 sancti
930 938 1184 1001 Stephani,
1233 954 1336 999 quae
1378 937 1487 983 huic
1534 936 1837 999 conjungitur

429 1015 716 1074 coemeterio,
745 1015 1044 1079 psallentium
1077 1031 1246 1061 sonum
1276 1033 1285 1061 :
1319 1014 1706 1077 admirantesque·
1730 1013 1836 1060 dul-

428 1091 643 1138 cedinem
662 1091 861 1148 moduli,
880 1092 1265 1156 appropinquant
1285 1091 1343 1138 ad
1359 1091 1532 1138 ostium
1555 1089 1735 1154 templi,
1756 1105 1836 1137 au-

430 1179 661 1216 tumantes
683 1186 711 1217 a
729 1169 1014 1233 quibusdam
1043 1170 1268 1232 religiosis
1295 1169 1472 1232 vigilias
1487 1168 1730 1215 celebrari.
1757 1171 1830 1214 In·

428 1245 691 1307 gredientes
709 1257 884 1305 autem,
909 1257 956 1293 et
981 1247 1185 1293 orationi
1209 1246 1469 1292 diutissime
1489 1245 1829 1305 incumbentes,

428 1334 734 1386 consurgunt,
769 1323 1001 1387 psallentii
1032 1323 1232 1369 chorum
1263 1323 1586 1386 conspiciunt;
1618 1320 1831 1384 nihilque

427 1399 583 1446 lucere
606 1417 687 1464 per
710 1400 957 1464 templum,
986 1400 1071 1446 nisi
1097 1402 1285 1464 propria
1301 1399 1506 1446 claritate
1529 1406 1697 1445 cuticta
1723 1414 1835 1463 pro-

427 1476 631 1539 spiciunt
653 1476 898 1540 splendere
926 1494 936 1522 ε
964 1476 1023 1522 de
1053 1476 1265 1540 personis
1295 1492 1405 1521 vero
1437 1475 1615 1521 nullam
1643 1490 1835 1538 prorsus

427 1563 705 1614 agnoscunt.
736 1553 949 1616 Denique
986 1570 1094 1598 cum
1132 1562 1285 1598 essent
1332 1552 1520 1598 attoniti
1560 1561 1606 1598 et
1643 1560 1835 1614 stupore

426 1630 647 1693 perculsi,
673 1646 792 1676 unus
811 1629 870 1675 de
893 1628 1198 1694 psallentibus
1215 1628 1397 1675 accedit
1421 1628 1481 1675 ad
1505 1645 1603 1687 eos,
1632 1627 1792 1673 dicens
1819 1643 1830 1672 ε

430 1726 451 1750 «
482 1706 823 1753 Exsecrabilem
860 1722 957 1752 rem
991 1705 1176 1766 fecistis,
1215 1716 1264 1752 ut
1297 1705 1435 1752 nobis
1465 1720 1635 1751 arcana
1660 1703 1834 1750 oratio-

428 1799 543 1829 num
566 1786 668 1830 Deo
692 1781 998 1829 reddentibus
1022 1782 1183 1829 adesse
1213 1782 1570 1846 praesumeretis.
1596 1779 1834 1827 Discedite

426 1877 556 1923 ergo,
582 1870 628 1906 et
651 1877 678 1906 a
698 1859 920 1906 domibus
942 1859 1116 1905 nostris
1139 1857 1393 1916 abscedite,
1423 1857 1631 1920 alioquin
1655 1856 1717 1903 ab
1740 1856 1834 1902 hoc

427 1935 609 1982 mundo
632 1935 907 1999 migrabitis.
927 1955 950 1977 »
965 1937 1043 1979 Ex
1063 1933 1236 1997 quibus
1261 1950 1380 1980 unus
1412 1933 1657 1980 discedens
1685 1932 1802 1979 abiit
1815 1949 1828 1989 3

425 2012 542 2059 alter
562 2029 676 2059 vero
702 2013 784 2076 qui
807 2012 855 2058 in
879 2011 986 2058 loco
1010 2012 1248 2071 remansit,
1277 2021 1382 2076 post
1405 2028 1504 2058 non
1535 2011 1708 2057 multos
1733 2010 1834 2057 dies

426 2105 454 2136 a
476 2090 645 2136 saeculo
663 2089 1006 2152 commigravit.

959 2294 1112 2329 CAPUT
1135 2294 1302 2328 LXXIV.

832 2415 885 2448 De
903 2414 1065 2461 sepulcro
1084 2412 1240 2448 Cassiani
1257 2412 1427 2460 episcopi.

489 2554 541 2596 In
560 2550 654 2597 hoc
672 2549 941 2597 coemeterio
960 2549 1059 2596 vidi
1078 2549 1202 2596 beati
1225 2548 1432 2596 Cassiani
1454 2547 1712 2595 sacerdotis
1728 2562 1831 2593 ma-

426 2627 505 2690 gni
535 2627 804 2692 sepulcrum
837 2643 866 2690 a
898 2626 1055 2673 multis
1086 2626 1285 2672 infirmis
1315 2641 1518 2685 erasum,
1550 2623 1680 2687 quod
1710 2639 1832 2686 pene

425 2705 758 2751 transforatum
786 2721 844 2750 eo
866 2715 1080 2768 tempore
1106 2702 1371 2768 putabatur.
1412 2702 1675 2748 Abluuntur
1705 2700 1833 2747 enim

424 2798 480 2827 ex
506 2781 597 2827 hoc
619 2782 808 2845 pulvere
827 2782 1004 2843 aegroti,
1034 2780 1117 2827 sed
1139 2780 1356 2844 protinus
1378 2779 1561 2824 virtutis
1594 2777 1831 2839 magnitu-

425 2859 584 2905 dinem
611 2859 831 2904 sentiunt.
864 2857 933 2904 lbi
963 2868 1008 2904 et
1031 2844 1295 2920 Simplicius
1318 2855 1479 2919 ipsius,
1507 2865 1556 2901 ut
1579 2855 1727 2913 aiunt,
1755 2870 1831 2899 ur-
