2054 3450
383 350 459 385 106
746 347 813 382 DE
840 346 1029 383 GLORIA
1057 346 1424 387 CONFESSORUM.

386 435 512 483 nulla
525 433 772 480 dissolutio
786 434 834 480 in
852 449 1070 498 corpore,
1084 433 1216 481 nulla
1228 436 1429 500 putredo
1443 438 1726 502 reperiretur
1738 439 1786 484 in

383 519 509 558 veste
540 528 551 556 :
578 509 659 557 sed
681 511 743 557 ita
767 520 901 557 erant
928 519 1099 558 cuncta
1127 511 1307 574 integra
1331 528 1387 560 ac
1410 514 1466 573 si,
1497 523 1550 560 ut
1573 515 1636 561 ita
1656 513 1787 561 dixe-

381 588 490 645 rim,
515 602 570 634 ea
594 585 711 633 hora
741 588 925 634 tumulo
950 596 1229 652 putarentur
1258 588 1454 652 ingesta.
1487 589 1580 637 Sed
1606 606 1695 637 nec
1723 590 1789 637 ibi

382 663 572 728 quidem
600 664 922 711 misericordia
946 664 1139 710 Domini
1165 664 1329 723 defuit,
1358 675 1409 712 ut
1435 666 1553 730 lapis
1575 666 1788 731 repulsus

381 758 478 787 non
518 751 782 788 remaneret
815 741 1056 804 inglorius.
1096 744 1269 788 Ferunt
1301 743 1427 788 enim
1463 743 1596 806 quod
1631 744 1786 800 multi,

381 834 516 865 eraso
539 827 749 881 potoque
774 835 826 864 ex
849 834 905 864 eo
922 818 1124 882 pulveris
1143 818 1351 875 modico,
1381 829 1477 866 tam
1496 835 1523 866 a
1546 820 1787 883 quartanis

381 909 524 953 quam
546 894 754 940 tertianis
776 895 874 941 sive
895 894 1184 958 quotidianis
1209 894 1416 942 febribus
1437 895 1651 943 celeriter
1672 895 1788 942 libe-

381 980 562 1018 rantur.

946 1077 1101 1112 CAPUT
1125 1077 1224 1112 CIII.

732 1186 784 1219 De
801 1184 956 1220 Juniano
974 1186 1263 1220 Lemovicorum¹
1283 1186 1433 1222 recluso.

446 1302 550 1349 Fuit
579 1312 626 1349 et
654 1303 884 1350 Junianus
920 1303 1127 1351 reclusus
1161 1304 1282 1351 infra
1316 1304 1627 1351 Lemovicinae
1660 1302 1790 1350 urbis

381 1380 686 1441 territorium,
720 1381 801 1444 qui
828 1380 988 1427 vivens
1018 1381 1163 1427 multa
1191 1381 1379 1445 populis
1407 1380 1614 1427 ostendit
1645 1380 1789 1426 mira-

380 1457 513 1515 cula3
542 1456 622 1503 sed
649 1466 695 1503 et
717 1473 845 1503 nunc
877 1456 937 1503 ad
961 1458 1229 1521 sepulcrum
1251 1458 1351 1521 ejus
1375 1474 1497 1521 saepe
1523 1456 1677 1502 morbi
1704 1473 1789 1502 cu-

380 1542 559 1579 rantur.
610 1536 727 1579 Nam
762 1532 861 1581 vidi
895 1533 1095 1593 multos,
1134 1550 1256 1597 quos
1292 1533 1593 1580 dinumerare
1629 1533 1791 1597 putavi

379 1609 605 1672 longum,
641 1610 723 1673 qui
750 1610 881 1655 caecis
905 1609 1053 1656 oculis
1088 1610 1264 1657 ibidem
1295 1611 1443 1657 evecti
1473 1609 1633 1656 lumen
1662 1626 1791 1656 rece-

379 1696 580 1751 perunt,
612 1685 949 1750 paralyticique
982 1686 1147 1733 directi
1176 1697 1301 1733 sunt.
1327 1688 1565 1751 Testisque
1597 1696 1666 1732 est
1692 1688 1791 1751 ipse

379 1762 586 1827 populus
609 1762 865 1826 hodieque,
894 1763 976 1827 qui
1006 1780 1113 1809 cum
1144 1764 1390 1812 sanitatem
1415 1764 1667 1828 recipiunt,
1695 1772 1788 1809 sta-

379 1842 463 1888 tim
492 1857 540 1887 se
563 1840 835 1887 tributarios
859 1840 967 1887 loco
989 1841 1055 1886 illi
1087 1841 1282 1896 faciunt,
1311 1858 1365 1888 ac
1397 1848 1667 1887 recurrente
1699 1840 1791 1886 cir-

380 1917 489 1964 culo
517 1918 649 1973 anni,
677 1933 765 1981 pro
784 1916 977 1963 redditae
1004 1917 1211 1963 sanitatis
1241 1917 1387 1979 gratia
1412 1916 1586 1963 tributa
1613 1916 1790 1962 dissol—

378 2003 512 2040 vunt.
545 1996 608 2039 Ex
633 1993 807 2056 quibus
832 1993 1023 2057 plurimi
1048 2003 1158 2039 sunt
1187 1994 1267 2056 qui
1289 1993 1350 2039 ad
1370 1993 1611 2039 basilicam
1643 1992 1788 2039 sancti

380 2070 566 2116 Martini
589 2070 741 2116 nostri
762 2070 979 2116 antistitis
1001 2070 1235 2134 pertinere
1258 2070 1495 2116 videntur.

950 2243 1105 2278 CAPUT
1130 2243 1225 2277 CIV.

835 2346 888 2379 De
903 2345 1041 2392 Pelagia
1062 2345 1324 2382 Lemovicina³.

442 2464 625 2528 Pelagia
648 2481 763 2512 vero
789 2465 987 2528 genitrix
1009 2463 1137 2511 beati
1160 2463 1315 2510 Aredii
1337 2462 1535 2520 abbatiS,
1562 2463 1695 2526 cujus
1715 2480 1790 2510 su-

378 2555 465 2603 pra
482 2542 803 2600 meminimus,
831 2540 968 2587 valde
990 2540 1225 2604 religiosa,
1253 2557 1362 2585 cum
1384 2549 1628 2602 urgeretur
1651 2539 1790 2585 febri—

434 2697 492 2750 (1)
521 2699 767 2748 Lemoficum,
802 2700 904 2737 2204
939 2699 980 2736 in
1009 2697 1150 2737 indice.
1192 2701 1250 2735 De
1287 2699 1483 2734 laviniam
1512 2675 1787 2744 Lerhovicense‚

380 2757 505 2868 C¹·(2I{·
527 2817 766 2865 Lemoficum‚
788 2817 907 2856 woh.
