2054 3450
373 402 377 407 ,
403 362 479 397 254
916 358 1044 394 VITAE
1069 358 1285 394 PATRUM,

402 447 573 493 devote
595 444 720 492 beati
745 444 909 491 Nicetii
933 443 1195 508 potentiam
1210 481 1221 499 ,
1247 451 1297 489 ut
1321 459 1378 489 eo
1402 443 1644 490 obtinente
1667 442 1807 505 hujus

404 523 517 570 anni
551 522 840 569 curriculum
874 537 983 567 cum
1020 536 1137 584 pace
1171 519 1418 566 ducamus.
1449 538 1472 563 »
1505 519 1647 577 Quod
1683 536 1809 580 pres-

402 600 539 664 byter
562 600 774 655 audienS‚
816 600 1000 662 gavisus
1018 598 1154 661 jussit
1176 597 1361 660 signum
1392 596 1453 643 ad
1479 597 1657 660 vigilias
1681 615 1809 644 com-

403 677 599 725 moveri.
630 678 738 733 Quo
773 685 1045 734 commoto,
1083 674 1363 721 adveniente
1400 673 1672 737 presbytero
1697 689 1804 720 cum

402 753 580 801 clericis
615 763 662 800 et
697 752 879 815 reliquo
914 750 1120 816 populo,
1164 749 1242 796 hic
1277 749 1395 812 gulae
1434 748 1620 795 inhians
1653 765 1809 796 moras

400 829 623 878 veniendi
666 827 959 884 innectebat;
1002 828 1222 891 misitque
1257 826 1424 891 saepius
1462 825 1705 890 presbyter
1747 825 1806 872 ad

401 925 512 955 eum
545 906 896 954 arcessendum.
926 905 1109 962 Quibus
1139 902 1456 969 respondebat
1485 918 1496 948 ε
1529 923 1549 945 «
1576 902 1810 966 Paulisper

401 984 652 1040 sustinete,
684 993 729 1030 et
751 982 908 1029 venio.
936 1001 958 1025 »
985 981 1109 1040 Quid
1152 979 1322 1045 plura?
1348 979 1592 1026 transactis
1616 978 1805 1042 vigiliis,

401 1061 510 1108 data
532 1060 655 1120 luce,
676 1059 754 1107 hic
773 1060 855 1123 qui
880 1058 1009 1123 prius
1025 1066 1405 1114 commonuerat,
1428 1055 1488 1102 ad
1509 1055 1689 1119 vigilias
1711 1070 1808 1102 non

401 1138 609 1185 accessit.
651 1136 893 1199 Presbyter
920 1151 1056 1196 vero,
1090 1134 1286 1198 impleto
1318 1133 1505 1192 officio,
1541 1140 1809 1178 commotus

402 1225 569 1262 contra
605 1213 877 1271 hominem,
914 1212 975 1258 ad
999 1221 1225 1258 metatum
1254 1210 1355 1273 ejus
1390 1217 1642 1274 properat,
1676 1207 1808 1270 quasi

401 1307 509 1338 eum
527 1306 555 1337 a
579 1290 920 1337 communione
940 1288 1248 1352 suspenderet
1273 1305 1284 1332 :
1311 1296 1357 1335 at
1381 1285 1458 1331 ille
1480 1293 1724 1348 correptus
1749 1283 1809 1331 fe-

401 1367 511 1427 bre,
539 1367 658 1413 sicut
692 1367 804 1412 vino
827 1366 889 1412 ita
912 1365 1074 1412 divino
1105 1362 1390 1410 exurebatur
1418 1361 1638 1408 incendio
1670 1376 1682 1406 t
1720 1376 1809 1406 nec

401 1459 560 1501 mora,
594 1444 696 1489 viso
726 1441 1024 1507 presbytero,
1053 1441 1174 1487 datis
1206 1438 1402 1486 vocibus
1428 1454 1538 1484 cum
1563 1437 1804 1498 lacrymis,

401 1519 696 1584 supplicabat
717 1519 806 1566 sibi
830 1517 1156 1583 poenitentiam
1180 1515 1317 1563 tradi.
1345 1517 1560 1577 Cumque
1579 1530 1689 1561 eum
1708 1529 1810 1577 pre-

401 1596 561 1660 sbyter
592 1597 884 1661 increparet,
935 1595 1130 1641 dicens:
1162 1612 1185 1637 «
1210 1592 1376 1639 Merito
1405 1608 1430 1638 a
1465 1590 1612 1638 sancti
1643 1589 1807 1636 Nicetii

400 1674 573 1720 virtute
597 1673 827 1731 exureris,
862 1671 923 1718 ad
950 1675 1082 1735 cujus
1101 1669 1343 1716 ecclesiam
1366 1668 1525 1733 venire
1549 1667 1611 1714 ad
1631 1666 1808 1730 vigilias

401 1750 666 1813 neglexisti,
687 1770 709 1793 2>
737 1750 860 1796 inter
881 1746 1301 1795 sermocinantium
1321 1745 1557 1809 colloquia
1590 1743 1807 1809 spiritum

401 1827 649 1875 exhalavit.
675 1829 812 1873 Facta
831 1842 1023 1890 quoque
1049 1824 1167 1870 hora
1195 1823 1355 1879 tertia,
1380 1839 1490 1868 cum
1519 1820 1726 1886 populus
1747 1819 1817 1867 ad

401 1905 648 1951 missarum
673 1904 902 1950 solemnia
930 1902 1227 1960 conveniret,
1255 1901 1329 1946 hic
1353 1909 1566 1945 mortuus
1582 1898 1629 1944 in
1655 1898 1806 1944 eccle-

401 1981 516 2027 siam
543 1990 611 2027 est
630 1980 827 2026 delatus.
860 1979 1001 2036 Quod
1034 1979 1206 2024 virtute
1234 1977 1381 2027 sancti
1403 1976 1620 2025 antistitis
1649 1986 1807 2022 actum

402 2073 546 2103 nemo
569 2056 808 2118 ambigere
831 2064 1012 2120 potest:
1035 2055 1134 2101 haec
1158 2053 1287 2100 enim
1308 2052 1445 2098 nobis
1470 2053 1570 2116 ipse
1591 2050 1808 2114 exposuit

402 2133 661 2198 presbyter.
689 2132 898 2179 Plurima
919 2131 1094 2179 etenim
1116 2130 1176 2177 de
1205 2130 1278 2176 his
1307 2128 1383 2176 vel
1413 2128 1604 2192 proprie
1627 2126 1806 2191 experti

401 2227 587 2270 sumuS,
613 2209 686 2256 vel
709 2226 794 2273 per
821 2208 1032 2255 fidelium
1057 2207 1330 2254 relationem
1353 2206 1681 2268 cognovimus',
1705 2219 1808 2268 quae

401 2287 611 2336 indicare
634 2286 829 2350 longum
848 2286 1132 2349 putavimus.

470 2367 545 2411 12.
585 2363 678 2410 Sed
710 2362 936 2426 quoniam
973 2361 1147 2426 placuit
1180 2359 1340 2406 libello
1378 2357 1635 2407 clausulam
1668 2356 1804 2418 dare,

402 2457 551 2487 unum
581 2440 739 2487 adhuc
772 2438 1105 2486 admirandum
1129 2436 1189 2483 de
1211 2436 1334 2483 libro
1359 2436 1472 2482 Vitae
1502 2435 1628 2499 ejus,
1665 2450 1806 2497 quem

401 2533 543 2582 supra
569 2533 595 2564 a
618 2516 829 2581 quodam
851 2516 1078 2580 scriptum
1102 2513 1279 2578 praefati
1304 2529 1466 2559 sumus
1483 2548 1495 2567 ,
1531 2509 1807 2557 memorabo

401 2594 681 2641 miraculum
706 2612 716 2640 ι
740 2593 800 2640 de
824 2609 920 2657 quo
942 2592 1088 2638 virtus
1111 2590 1269 2637 divina
1289 2589 1551 2654 procedens
1575 2603 1673 2633 non
1699 2586 1806 2633 reli-

402 2673 504 2734 quit
527 2672 778 2735 inglorium
794 2706 805 2726 ‚
840 2669 920 2716 sed
950 2669 1010 2715 ad
1036 2666 1448 2732 comprobandam
1481 2665 1703 2712 virtutem
1728 2662 1807 2708 di·—

402 2757 588 2794 ctorum
621 2747 840 2812 patefecit
873 2762 972 2792 esse
1006 2745 1219 2809 plurimis
1253 2743 1527 2807 gloriosum.
1568 2742 1808 2786 Diaconus

403 2824 531 2871 enim
555 2822 987 2886 Augustodunensis
1024 2821 1152 2884 gravi
1186 2820 1434 2866 oculorum
1475 2818 1681 2864 caecitate
1713 2824 1807 2865 tur-
