2054 3450
396 319 446 356 81.
759 313 827 349 DE
854 311 1041 349 GLORIA
1069 311 1437 352 CONFESSORUM.

396 404 503 450 culo
524 400 743 449 diabolici
765 416 911 456 nexus
933 397 1149 456 absolvit,
1171 408 1217 445 et
1239 409 1341 463 post
1362 398 1547 446 obitum
1564 399 1624 446 ad
1648 399 1802 464 sepul-

395 494 531 527 crum
546 492 685 523 suum
703 474 975 538 ergastulari
997 484 1163 522 catena
1186 475 1419 522 revinctos
1435 474 1607 522 liberos
1628 476 1804 523 meritis

396 556 490 602 suis
505 553 635 601 abire
650 552 878 617 permisit.
895 552 1110 615 Denique
1127 550 1531 599 Guntchramnus¹
1552 569 1632 599 rex
1653 569 1802 599 cornu

395 632 529 694 cujus
550 646 669 676 voce
693 630 763 676 vel
791 627 1021 675 molossos
1045 628 1281 691 colligere,
1313 627 1387 675 vel
1420 627 1498 675 illa
1518 645 1801 676 corneorum

395 706 706 754 arboreorum
725 713 938 752 armenta
959 705 1168 766 effugare
1186 713 1511 763 consueyerat,
1538 703 1662 751 furto
1679 703 1804 752 abla-

395 795 497 832 tum
531 784 775 849 perdidit:
813 799 918 847 quae
951 798 1025 829 res
1061 782 1236 829 multos
1268 783 1315 828 in
1353 781 1539 829 vincula
1573 782 1800 845 conjecit,

395 862 655 909 nonnullos
682 861 899 908 facultate
936 859 1152 924 privavit.
1191 861 1258 906 Ex
1282 858 1457 923 quibus
1482 868 1575 906 tres
1597 858 1684 905 viri
1705 875 1802 906 me-

395 940 566 986 morati
587 937 870 985 confessoris
904 945 1270 983 monumentum
1299 936 1537 1000 petierunt
1563 953 1574 982 z
1607 951 1704 999 quo
1723 951 1801 982 rex

393 1025 640 1080 comperto
654 1049 667 1073 ,
696 1014 830 1077 jussit
852 1028 933 1059 eos
956 1013 1133 1060 catenis
1152 1022 1293 1076 atque
1325 1011 1638 1077 compedibus
1660 1011 1801 1058 necti.

395 1095 683 1155 Factumque
717 1101 786 1137 est
819 1090 900 1136 ita.
936 1089 1090 1136 Media
1119 1098 1260 1136 nocte
1286 1105 1398 1136 vero
1423 1088 1501 1135 lux
1532 1090 1580 1135 in
1615 1087 1806 1136 basilica

395 1169 604 1216 humana
626 1168 730 1215 luce
755 1167 925 1215 clarior
955 1167 1104 1213 oritur
1128 1185 1138 1213 :
1171 1166 1406 1214 dissiliunt
1441 1166 1694 1213 ferrearum
1720 1182 1806 1230 pe-

395 1246 622 1293 destrium
669 1243 890 1308 repagula
906 1277 919 1300 ‚
967 1252 1336 1307 catenarumque
1381 1243 1604 1308 disruptis
1647 1241 1806 1289 baccis

396 1322 539 1369 vincti
572 1322 805 1368 laxantur.
837 1321 946 1377 Quo
985 1319 1177 1378 audito,
1215 1336 1292 1367 rex
1325 1321 1573 1367 exterritus
1600 1318 1806 1366 velocius

394 1415 477 1446 eos
498 1397 634 1446 liberi
656 1396 835 1444 arbitrii
863 1405 1092 1461 potestate
1115 1395 1325 1444 donavit.

911 1536 1067 1570 CAPUT
1092 1536 1294 1572 LXXXIX.

767 1620 820 1653 De
839 1618 1006 1652 Marcello
1025 1618 1235 1652 Parisiorum
1254 1617 1433 1665 episcopo.

462 1713 706 1761 Marcellus
728 1729 840 1760 vero
865 1712 1103 1760 Parisiacae
1122 1712 1251 1760 urbis
1273 1714 1540 1778 episcopus,
1557 1713 1639 1776 qui
1657 1728 1809 1776 quon-

397 1791 527 1848 dam,
571 1800 622 1837 ut
654 1791 702 1836 in
734 1790 836 1853 ejus
863 1789 970 1835 Vita
1001 1789 1184 1852 legitur,
1220 1800 1488 1855 serpentem
1521 1790 1806 1836 immensum

398 1866 490 1912 hoc
510 1866 688 1930 depulit
708 1866 768 1912 ab
793 1865 992 1929 oppidO,
1020 1875 1063 1911 et
1087 1881 1216 1912 nunc
1239 1866 1287 1912 in
1310 1866 1456 1930 ipsius
1478 1864 1677 1912 civitatis
1701 1864 1806 1911 vico

398 1939 611 2001 quiescit.
638 1938 705 1984 Ad
727 1938 859 2000 cujus
883 1938 1120 1988 tumulum
1140 1955 1251 1985 cum
1275 1939 1594 2001 Ragnimodus
1615 1936 1806 2002 presby-

401 2023 485 2071 ter,
513 2014 595 2077 qui
623 2030 751 2060 nunc
773 2014 872 2076 ejus
902 2013 1147 2077 municipii
1174 2014 1375 2061 habetur
1396 2012 1632 2068 sacerdos,
1659 2028 1804 2076 quar-

400 2099 513 2136 tano
545 2099 658 2153 typo
701 2091 892 2136 veniens
922 2089 1215 2151 decubasset,
1242 2100 1433 2154 totaque
1464 2090 1541 2137 die
1558 2089 1739 2153 jejunio
1761 2098 1808 2136 et

401 2166 603 2212 orationi
647 2177 855 2213 vacasset
880 2203 892 2227 ‚
946 2166 1069 2214 facto
1116 2167 1215 2230 jam
1259 2183 1451 2232 vespere
1494 2165 1802 2213 obdormivit.

400 2241 758 2305 Expergesactus
782 2258 892 2289 vero
911 2252 1015 2306 post
1035 2242 1278 2306 paululum
1298 2259 1325 2290 a
1347 2259 1535 2302 somno,
1558 2242 1808 2289 incolumis

401 2318 599 2364 surrexit
620 2334 648 2365 a
672 2317 873 2365 tumulo.

978 2406 1133 2440 CAPUT
1157 2405 1233 2442 XC.

739 2488 791 2521 De
807 2487 984 2521 Germano
1004 2486 1161 2535 ejusdem
1180 2488 1277 2523 urbis
1292 2489 1472 2536 episcopo.

470 2588 764 2650 Ingrediente
795 2597 955 2635 autem
983 2588 1248 2653 Chilperico
1275 2606 1383 2653 rege
1408 2590 1454 2636 in
1483 2589 1648 2636 urbem
1675 2591 1808 2637 Pari—

405 2664 595 2722 siacam,
615 2665 826 2727 sequenti
850 2664 927 2710 die
944 2681 1086 2727 quam
1111 2682 1190 2712 rex
1206 2666 1439 2729 ingressus
1461 2675 1530 2712 est
1551 2666 1805 2728 civitatem,

460 2779 518 2831 (1)
547 2780 834 2828 Gunthmnnus,
856 2783 974 2823 2791.
