2054 3450
445 378 520 414 196
721 347 730 355 ’
957 375 1085 412 VITAE
1110 375 1331 413 PATRUM.

443 479 556 510 vero
571 461 758 509 Gallum
777 478 804 508 a
820 478 871 508 se
892 477 1195 526 nequaquam
1213 477 1376 525 passus
1392 472 1460 509 est
1471 462 1675 526 separari
1696 479 1707 507 τ
1725 460 1853 509 unde

443 539 619 586 sactum
642 548 711 586 est
730 547 781 584 ut
805 548 947 585 eunte
969 554 1078 601 rege
1093 538 1141 584 in
1159 537 1466 602 Agrippinam
1487 538 1670 597 urbem,
1693 548 1739 585 et
1754 538 1853 603 ipse

444 615 595 662 abiret
616 615 773 662 simul.
802 617 913 662 Erat
939 623 1097 661 autem
1118 613 1186 660 ibi
1209 613 1369 661 fanum
1396 613 1638 678 quoddam
1659 614 1854 661 diversis

444 691 734 739 ornamentis
758 691 999 750 refertum,
1038 691 1084 737 in
1114 706 1211 753 quo
1235 689 1476 738 barbaries
1496 691 1712 755 proxima
1731 690 1854 738 liba-

444 768 573 815 mina
596 767 840 825 exhibens,
869 784 1018 831 usque
1048 766 1110 814 ad
1139 766 1374 813 vomitum
1402 765 1512 813 cibo
1539 776 1750 831 potuque
1775 783 1852 814 re-

443 844 661 910 plebatur
684 862 694 890 :
721 844 787 891 ibi
810 854 857 891 et
881 843 1129 891 simulacra
1151 853 1204 890 ut
1227 842 1371 890 deum
1391 843 1612 899 adoram,
1641 842 1853 891 membra

442 921 708 968 secundum
730 920 862 983 quod
886 936 1278 984 unumquemque
1301 919 1442 966 dolor
1465 920 1704 983 attigisset,
1733 919 1855 966 scul-

443 997 584 1061 pebat
606 998 654 1043 in
677 997 824 1061 ligno.
850 997 994 1055 Quod
1013 997 1095 1044 ubi
1112 1006 1301 1043 sanctus
1313 996 1475 1043 Gallus
1489 995 1683 1057 audivit,
1699 996 1856 1043 statim

443 1073 555 1120 illuc
589 1090 701 1120 cum
739 1090 838 1120 uno
872 1083 1060 1121 tantum
1094 1073 1266 1120 clerico
1301 1082 1526 1139 properat
1563 1089 1857 1136 accensoque

445 1151 570 1213 igne,
596 1167 708 1197 cum
730 1151 886 1198 nullus
910 1167 968 1197 ex
996 1150 1148 1197 stultis
1169 1151 1362 1214 paganis
1384 1149 1584 1207 adesset,
1609 1149 1670 1196 ad
1693 1149 1855 1196 sanum

441 1227 646 1291 applicat
671 1243 727 1274 ac
755 1226 1015 1274 succendit.
1049 1228 1103 1272 At
1133 1226 1199 1273 illi
1222 1225 1436 1273 videntes
1460 1226 1643 1273 fumum
1670 1225 1856 1273 delubri

444 1304 505 1351 ad
528 1303 702 1350 coelum
722 1320 871 1367 usque
889 1302 1226 1364 conscendere,
1245 1312 1488 1350 auctorem
1507 1301 1715 1350 incendii
1732 1318 1856 1366 quae·

442 1390 570 1439 runt,
610 1381 952 1444 inventumque
990 1380 1245 1444 evaginatis
1282 1379 1446 1443 gladiis
1482 1388 1851 1444 prosequuntur.

443 1455 523 1503 Ille
546 1472 661 1503 vero
686 1457 734 1502 in
760 1456 916 1520 fugam
939 1472 1118 1513 versus,
1144 1455 1261 1502 aulae
1284 1472 1334 1502 se
1355 1456 1492 1519 regiae
1512 1455 1745 1503 condidit.
1767 1457 1854 1502 Ve-

441 1550 547 1579 rum
566 1543 818 1597 postquam
841 1550 923 1580 rex
943 1549 1047 1598 quae
1070 1543 1173 1580 acta
1192 1533 1396 1593 fuerant,
1422 1533 1615 1598 paganis
1637 1532 1855 1580 minanti-

443 1609 549 1669 bus,
574 1610 869 1674 recognovit,
894 1609 1084 1656 blandis
1106 1626 1188 1656 eos
1207 1608 1508 1656 sermonibus
1529 1608 1693 1656 lenivit
1716 1618 1764 1656 et
1789 1608 1855 1655 sic

441 1702 607 1732 eorum
647 1686 853 1733 furorem
898 1685 1171 1751 improbum
1209 1685 1454 1750 mitigavit.
1502 1685 1688 1733 Referre
1727 1685 1856 1732 enim

441 1778 563 1826 saepe
588 1771 687 1809 erat
713 1762 879 1810 solitus
902 1762 973 1808 vir
993 1762 1160 1810 beatus
1185 1762 1286 1810 baec
1310 1779 1422 1810 cum
1443 1762 1682 1825 lacrymis,
1714 1771 1762 1809 et
1783 1761 1854 1809 di-

440 1838 579 1887 cebat
601 1858 612 1884 :
643 1859 666 1883 «
689 1840 764 1886 Vae
783 1838 901 1886 mihi
916 1839 997 1903 qui
1015 1856 1114 1886 non
1131 1839 1310 1904 perstiti
1334 1848 1387 1886 ut
1409 1839 1456 1886 in
1477 1838 1568 1886 hac
1590 1854 1732 1886 causa
1749 1837 1854 1885 fini-

440 1933 533 1963 rer.
557 1934 578 1959 »
599 1916 901 1980 Fungebatur
924 1933 982 1963 eo
1006 1927 1220 1982 tempore
1242 1916 1519 1963 diaconatus
1540 1914 1717 1963 officio.

505 1994 552 2040 3.
592 1992 808 2056 Denique
841 2009 951 2039 cum
983 1992 1149 2040 beatus
1183 1993 1467 2050 Quintianus
1508 1992 1758 2057 episcopus
1792 1990 1854 2038 ab

440 2068 532 2114 hoc
560 2068 747 2128 saeculo,
775 2067 972 2131 jubente
992 2069 1220 2130 Domino,
1247 2069 1500 2128 transisset,
1527 2076 1716 2115 sanctus
1742 2068 1854 2115 Gal-

438 2144 511 2191 lus
543 2145 673 2210 apud
708 2144 877 2192 urbem
916 2150 1174 2192 Arvernam
1210 2161 1268 2191 eo
1303 2153 1518 2209 tempore
1555 2143 1848 2192 morabatur.

438 2221 573 2269 Cives
602 2231 759 2269 autem
785 2222 976 2268 Arverni
1006 2221 1067 2269 ad
1096 2221 1297 2268 domum
1326 2221 1568 2286 Impetrati
1594 2220 1854 2286 presbyteri

440 2298 654 2362 ejusdem
671 2299 893 2346 avunculi
909 2308 1252 2359 convenerunt,
1275 2307 1620 2362 conquerentes
1643 2297 1703 2345 de
1719 2296 1851 2344 obitu

438 2374 712 2434 sacerdotis,
739 2385 786 2422 et
809 2375 892 2439 qui
920 2375 968 2421 in
1000 2376 1101 2438 ejus
1124 2375 1284 2422 locum
1316 2374 1511 2422 deberet
1539 2373 1756 2421 substitui
1779 2389 1853 2421 re-

439 2453 696 2516 quirentes.
722 2452 865 2510 Quod
882 2451 1143 2500 diutissime
1158 2461 1513 2518 pertractantes,
1537 2467 1772 2516 regressus
1785 2460 1853 2498 est

437 2530 763 2594 unusquisque
788 2528 849 2576 ad
871 2529 1193 2594 semetipsum.
1227 2532 1339 2576 Post
1364 2545 1570 2591 quorum
1594 2528 1851 2575 discessum

438 2617 625 2654 sanctus
647 2606 811 2654 Gallus
832 2607 1019 2654 vocavit
1042 2624 1192 2654 unum
1215 2623 1272 2654 ex
1295 2606 1490 2663 clericis,
1515 2616 1562 2654 et
1577 2606 1783 2653 irruente
1801 2605 1850 2652 in

438 2699 486 2730 se
508 2684 682 2747 Spiritu
709 2693 894 2743 sancto,
920 2684 986 2731 ait
1004 2686 1019 2729 Ξ
1043 2703 1065 2728 «
1089 2683 1216 2741 Quid
1233 2682 1283 2730 hi
1305 2683 1589 2730 mussitant?
1613 2682 1729 2747 quid
1745 2699 1851 2730 cur-

438 2759 610 2806 sitant?
634 2760 751 2823 quid
775 2760 1060 2807 retractant?
1087 2763 1296 2806 Vacuum
1315 2769 1400 2818 est,
1423 2760 1595 2824 inquit,
1623 2760 1746 2824 oPus
1767 2776 1851 2807 eo-

438 2852 562 2896 rum,
583 2852 670 2899 ego
688 2852 770 2882 ero
790 2837 1059 2900 episcopus,
1086 2835 1204 2882 mihi
1224 2837 1455 2883 Dominus
1469 2835 1599 2884 hunc
1614 2836 1849 2883 honorem

2043 2451 2054 2512 l
