2054 3450
385 353 435 388 90
744 350 810 386 DE
838 347 1026 385 GLORIA
1053 347 1418 386 CONFESSORUM.

386 436 530 496 urbiS‚
558 452 660 499 quae
683 434 773 482 sub
797 433 928 481 urbis
952 433 1075 480 illius
1098 433 1212 480 vicis
1233 432 1486 491 habentur,
1513 451 1654 483 causa
1676 435 1783 483 visi-

383 511 512 558 tabat
544 511 785 558 orationis.
825 513 943 557 Cum
976 519 1136 557 autem
1168 508 1351 556 videret
1383 526 1464 556 rex
1493 512 1783 576 prosecutio-

382 604 491 635 nem
516 587 773 652 presbyteri
793 603 892 634 esse
914 586 1150 645 callidam,
1172 601 1428 632 conversus
1450 585 1512 634 ad
1533 603 1643 634 eum
1662 606 1672 633 z
1703 589 1785 652 «Si

383 680 492 711 vera
507 674 634 725 sunt,
650 665 819 727 inquit,
835 680 940 727 quae
954 662 1271 728 prosequeriS,
1288 661 1382 709 hoc
1395 680 1536 728 super
1548 664 1784 711 tumulum

382 741 620 788 Maximini
643 741 858 788 antistitis
879 749 1174 787 sacramento
1195 738 1441 786 confirma.
1459 760 1480 783 »
1502 768 1564 776 -
1582 760 1604 785 «
1623 741 1783 788 Audeo

384 817 447 864 ait
477 816 577 864 haec
600 815 844 881 presbyter
867 833 970 880 quae
986 816 1197 880 praecipis
1221 814 1496 879 adimplere.
1512 837 1534 859 ³>
1550 818 1605 862 Et
1627 817 1782 873 statim

383 909 565 958 ponens
576 909 742 940 manus
750 909 891 957 super
904 903 1119 939 sanctum
1132 892 1418 956 sepulcrum,
1433 892 1548 938 dixit
1571 909 1582 938 z
1599 911 1623 937 «
1640 892 1787 956 Hujus

383 969 532 1016 sancti
553 970 724 1016 virtute
747 969 1008 1034 opprimar,
1037 970 1074 1015 si
1098 968 1274 1032 aliquid
1301 968 1401 1015 falsi
1432 968 1605 1032 loquor
1631 968 1691 1021 de
1713 968 1788 1016 his

383 1061 487 1108 quae
506 1046 838 1110 prosecutione
857 1061 962 1092 mea
982 1055 1149 1091 contra
1167 1044 1298 1091 hunc
1313 1047 1543 1092 Francum
1566 1045 1783 1092 insisto.»

384 1123 629 1167 Fremente
666 1131 825 1168 autem
861 1120 1065 1167 barbaro
1106 1130 1152 1167 et
1185 1121 1318 1183 quasi
1360 1130 1527 1168 contra
1570 1131 1786 1168 sanctum

384 1197 470 1243 Dei
501 1197 775 1255 furibundo,
807 1199 975 1260 egressi
1007 1208 1115 1244 sunt
1141 1197 1200 1244 de
1232 1197 1450 1244 basilica:
1478 1188 1681 1261 cumque
1703 1214 1788 1262 per

383 1274 509 1319 viam
528 1274 699 1338 pariter
723 1284 985 1338 pergerent,
1009 1273 1164 1320 subito
1188 1274 1406 1338 delapsus
1425 1273 1667 1338 presbyter
1684 1274 1786 1320 solo

384 1349 721 1413 pessumdedit,
761 1361 807 1396 et
842 1361 1054 1397 mortuus
1089 1360 1174 1397 est.
1211 1350 1530 1414 Laudavitque
1566 1350 1788 1415 deinceps

385 1425 611 1474 barbarus
632 1428 851 1474 virtutem
875 1428 1039 1488 sancti,
1067 1428 1143 1474 cui
1166 1428 1294 1491 prius
1313 1426 1594 1475 detraxerat.
1619 1428 1788 1491 Sicque

383 1499 744 1551 archidiaconus
775 1504 902 1551 urbis
936 1505 1107 1569 ipsius,
1143 1521 1252 1550 cum
1287 1520 1315 1551 a
1349 1504 1527 1550 Nicetio
1563 1504 1786 1568 episcopo

385 1597 471 1643 pro
507 1580 721 1627 adulterii
755 1581 950 1628 crimine
983 1581 1274 1646 pulsaretur,
1314 1589 1609 1627 sacramento
1643 1579 1692 1626 se
1725 1580 1786 1627 ad

384 1655 523 1719 hujus
553 1658 701 1704 sancti
733 1658 1000 1722 sepulcrum
1023 1656 1260 1722 purificari
1283 1657 1502 1721 expetiit:
1532 1657 1785 1719 ingressus·

383 1749 476 1796 que
514 1733 721 1797 primum
756 1743 929 1798 cryptae
971 1733 1144 1787 limen,
1191 1733 1355 1779 restitit
1393 1732 1526 1796 quasi
1565 1741 1781 1796 stupens;

383 1810 557 1858 dehinc
579 1811 871 1858 descendens
892 1828 977 1875 per
999 1810 1171 1874 gradus
1191 1810 1252 1857 ad
1277 1809 1404 1857 aliud
1428 1810 1601 1856 ostium
1625 1809 1781 1866 venit;

384 1904 586 1951 cumque
626 1888 687 1934 ad
724 1889 911 1935 tertium
948 1887 1170 1934 accedere
1207 1877 1370 1946 vellet,
1408 1885 1624 1950 protinus
1658 1883 1784 1932 febre

385 1975 644 2028 correptus,
678 1981 886 2027 gressum
918 1963 1117 2027 amplius
1155 1962 1294 2025 figere
1329 1978 1425 2008 non
1460 1961 1656 2021 audenS,
1691 1962 1784 2007 cri-

384 2056 492 2086 men
517 2056 612 2103 quo
641 2039 977 2104 imputabatur,
1008 2040 1057 2085 in
1087 2038 1356 2085 discrimine
1392 2038 1555 2084 mortis
1584 2037 1778 2101 positus,

384 2126 454 2162 est
475 2116 731 2175 confessus,
764 2117 1020 2180 deprecans
1044 2115 1270 2180 po‘pulum
1293 2125 1342 2161 ut
1361 2131 1448 2179 pro
1471 2131 1520 2161 se
1542 2114 1614 2160 vel
1637 2115 1785 2160 sancti

385 2193 601 2239 antistitis
618 2229 630 2250 ,
671 2193 744 2239 vel
785 2193 993 2257 episcopi
1034 2192 1106 2239 sui
1146 2191 1361 2254 suffragia
1403 2191 1645 2254 flagitaret.
1688 2190 1778 2236 Sed

384 2270 538 2316 statim
563 2279 613 2316 ut
641 2269 881 2316 confessus
908 2269 1008 2327 fuit,
1035 2268 1094 2315 ab
1118 2267 1325 2332 impulsu
1349 2267 1489 2315 febris
1511 2275 1686 2325 erutus,
1712 2266 1782 2312 sui

385 2346 601 2393 antistitis
623 2356 693 2393 est
714 2347 761 2392 in
788 2345 1012 2393 charitate
1038 2354 1268 2410 receptus.

931 2513 1084 2547 CAPUT
1109 2513 1239 2549 XCIV.

768 2610 821 2645 De
838 2609 975 2646 Nicetio
993 2610 1101 2657 ipsius
1118 2609 1216 2644 urhis
1232 2609 1413 2655 episcopo.

453 2728 653 2775 Nicetius
675 2738 850 2789 autem,
878 2739 928 2775 ut
951 2746 1094 2794 supra
1119 2729 1339 2789 diximus,
1372 2730 1517 2794 ipsius
1541 2727 1671 2774 urbis
1694 2728 1789 2791 epi·
1819 2728 1820 2732 ’

387 2821 584 2869 scopus,
624 2804 949 2868 eleemosynae,
990 2806 1226 2852 charitatis
1260 2805 1609 2868 sanctitatisque
1645 2804 1787 2850 totius
