2054 3450
391 325 465 361 338
907 321 1034 356 VlTAE
1060 321 1219 357 PATRU
1224 321 1276 358 M.

389 410 510 456 sicut
533 424 673 472 supra
707 406 927 466 diximus,
965 416 1159 472 operata
1181 407 1240 453 sit
1261 405 1450 453 dextera
1473 407 1576 466 Dei,
1602 407 1679 453 cui
1705 407 1793 454 ista

389 503 492 550 quae
536 485 901 532 memoravimus
942 493 1070 531 tanta
1112 483 1259 530 voluit
1298 482 1519 530 revelare.
1565 483 1793 530 Puerulus

389 563 515 610 enim
542 563 754 627 quidam,
792 561 963 608 Paulus
996 561 1207 617 nomine,
1246 576 1437 607 crurum
1467 560 1793 624 poplitumque

389 640 517 703 gravi
552 639 719 687 dolore
761 638 980 696 vexatus,
1022 647 1238 684 sanctum
1282 636 1396 683 adiit
1440 646 1794 701 prostratusque

390 717 589 778 genibus
612 716 729 779 ejus,
756 731 949 762 exorare
972 714 1114 778 coepit
1135 723 1185 760 ut
1209 713 1250 759 ei
1273 712 1559 760 medicinam
1582 713 1795 760 oratione

389 810 473 841 sua
505 810 534 841 a
570 794 763 840 Domini
802 791 1122 839 misericordia
1162 791 1372 838 obtineat
1417 790 1660 856 impertiri.
1702 792 1796 848 Qui

390 871 605 935 protinus
630 870 843 916 oratione
877 869 993 916 facta
1011 905 1036 926 ,⁸
1056 885 1165 915 cum
1194 868 1300 915 oleo
1325 867 1575 915 benedicto
1609 867 1796 933 palpata

390 948 604 995 membra
635 947 841 1005 infirmi,
878 963 989 994 eum
1015 963 1156 1011 super
1179 947 1404 993 lectulum
1437 962 1576 992 suum
1608 947 1795 1010 requie-

387 1041 515 1071 scere
530 1026 652 1072 fecit.
671 1027 780 1082 Quo
801 1022 1047 1088 paululum
1071 1024 1356 1084 quiescente,
1379 1031 1488 1086 post
1510 1023 1650 1069 unius
1668 1021 1798 1068 horae

387 1103 674 1149 curriculum
697 1118 886 1164 surgere
906 1100 1057 1164 jubet.
1085 1100 1179 1158 Qui
1201 1116 1506 1163 consurgens,
1532 1115 1675 1146 sanus
1696 1115 1796 1146 ma-

388 1179 446 1225 tri
481 1196 575 1226 suae
610 1179 757 1226 sancti
787 1188 856 1226 est
884 1176 1102 1224 manibus
1125 1177 1383 1223 restitutus.
1412 1176 1608 1222 Faretri¹
1640 1176 1796 1239 cujus-

387 1255 498 1301 dam
524 1272 712 1316 servus,
750 1255 962 1301 infensus
987 1253 1186 1300 domino
1222 1269 1325 1311 suo,
1366 1252 1507 1315 hujus
1540 1251 1796 1299 sacerdotis

387 1332 650 1378 oratorium
672 1331 892 1395 expetivit
912 1348 922 1376 ε
956 1330 1039 1376 sed
1062 1330 1137 1376 ille
1161 1330 1309 1376 elatus
1338 1328 1576 1393 superbia,
1603 1327 1797 1376 absente

387 1407 526 1456 beato
553 1409 671 1467 viro,
699 1425 887 1455 servum
921 1406 1168 1464 abstrahit,
1193 1406 1473 1469 ceciditque.
1509 1405 1601 1452 Sed
1632 1421 1744 1452 mox
1769 1422 1798 1452 a

388 1484 516 1532 febre
534 1495 779 1550 correptus
801 1484 1017 1549 spiritum
1037 1482 1285 1529 exhalavit.
1313 1485 1680 1541 Quartanarum,
1702 1491 1794 1528 ter-

387 1561 699 1619 tianarumve,
727 1560 800 1607 vel
824 1560 1112 1623 reliquarum
1126 1575 1340 1606 accessus
1362 1558 1563 1606 febrium
1583 1558 1797 1605 oratione

388 1637 507 1684 sacta
529 1639 694 1702 saepius
719 1638 964 1701 mitigavit.
995 1638 1244 1683 Venenum
1268 1635 1402 1682 malae
1427 1635 1622 1701 pusulae,
1648 1635 1798 1700 impo-

387 1712 477 1759 sito
501 1712 690 1759 salutari
713 1712 864 1775 signo,
891 1712 1118 1768 restinxit,
1145 1710 1362 1757 obsessos
1387 1709 1698 1770 daemonibus,
1725 1711 1797 1756 in-

387 1798 558 1836 vocato
576 1789 810 1836 Trinitatis
834 1788 1044 1848 nomine,
1070 1787 1363 1834 emundavit.
1391 1789 1508 1834 Nam
1531 1797 1577 1833 et
1602 1786 1662 1834 ab
1687 1787 1798 1852 ipsis

388 1865 684 1912 daemonibus
706 1867 872 1930 saepius
891 1864 1169 1929 impulsatus
1191 1874 1278 1925 est,
1301 1863 1386 1910 sed
1407 1864 1556 1910 victor
1579 1863 1628 1910 in
1647 1873 1796 1912 certa-

391 1943 516 1989 mine
553 1943 767 2006 perstitit.
815 1945 933 1988 Nam
967 1950 1184 2004 surgente
1221 1958 1279 1988 eo
1315 1940 1522 2004 quadam
1559 1950 1698 1988 nocte
1736 1941 1796 1988 de

389 2028 535 2065 stratu
558 2036 644 2065 suo
676 2018 738 2065 ad
762 2017 1059 2064 reddendum
1083 2017 1309 2075 officium,
1334 2016 1452 2063 vidit
1477 2016 1598 2064 duos
1628 2017 1795 2064 arietes

389 2110 587 2156 magnos
625 2095 720 2140 suis
755 2093 935 2140 foribus
971 2094 1264 2152 assistentes,
1304 2093 1438 2156 quasi
1474 2093 1796 2157 praestolantes

388 2171 645 2218 adventum
670 2172 771 2234 ejus
801 2190 811 2216 :
840 2187 938 2234 quo
961 2171 1060 2217 viso
1085 2169 1327 2217 furibundi
1352 2170 1412 2216 ad
1435 2187 1545 2217 eum
1568 2187 1677 2218 cum
1707 2172 1796 2218 im-

388 2257 498 2312 petu
522 2247 679 2295 valido
703 2246 931 2310 dirigunt.
958 2250 1014 2293 At
1035 2246 1112 2294 ille
1135 2248 1322 2310 signum
1345 2247 1496 2294 crucis
1525 2263 1792 2312 opponens,

389 2323 477 2369 illis
501 2321 889 2369 evanescentibus
911 2320 1088 2383 absque
1104 2330 1234 2367 metu
1257 2321 1523 2368 oratorium
1539 2331 1610 2368 est
1624 2322 1797 2384 ingres-

388 2416 484 2446 sus.
508 2399 607 2446 Alia
620 2408 776 2458 nocte,
794 2414 1028 2461 regressus
1049 2396 1110 2444 ab
1127 2397 1352 2457 oratoriO,
1380 2397 1559 2444 invenit
1579 2398 1795 2445 cellulam

389 2493 522 2523 suam
546 2477 738 2540 plenam
763 2474 1026 2535 daemoniis,
1065 2473 1273 2538 dixitque
1299 2474 1364 2520 eis
1393 2491 1404 2519 :
1445 2494 1468 2518 α
1504 2474 1641 2521 Unde
1663 2475 1793 2521 veni-

390 2553 478 2599 tis?
495 2574 517 2596 »
530 2574 627 2596 —«
642 2556 676 2599 A
692 2555 859 2612 Roma,
881 2551 1030 2608 aiunt,
1049 2550 1269 2597 hesterna
1288 2550 1363 2597 die
1382 2552 1570 2613 egressi,
1587 2550 1649 2598 ad
1666 2550 1795 2598 hunc

388 2630 546 2675 locum
573 2629 906 2676 accessimus.»
933 2626 1117 2685 Quibus
1138 2626 1246 2672 ille:
1277 2646 1299 2670 α
1330 2626 1590 2686 Abscedite,
1620 2627 1789 2691 inquit,

446 2793 502 2844 (4)
532 2793 622 2839 Ed.,
645 2796 845 2839 Pharetri;
865 2794 1014 2841 Germ„
1037 2795 1202 2831 Raretri.
1226 2791 1309 2844 (R.)
