2054 3450
430 331 505 366 306
943 329 1072 364 VITAE
1099 328 1316 365 PATRUM.

428 423 473 459 et
497 429 607 459 cum
629 429 741 460 eum
770 413 831 461 ad
862 414 1020 461 vicum
1040 413 1455 461 Transalicensem¹
1482 413 1654 460 inferre
1675 413 1830 472 vellet,

428 490 592 536 restitit
623 490 665 537 ei
693 490 897 555 populus
924 491 1030 555 pagi
1055 490 1407 555 Lipidiacensis,
1433 490 1622 537 dicens:
1664 511 1686 534 <c
1714 494 1834 537 Nos-

430 576 553 613 trum
591 567 722 615 hunc
760 568 916 615 solum
953 567 1097 628 fovit,
1141 567 1279 614 nobis
1316 567 1528 631 corporis
1568 567 1667 631 ejus
1701 567 1835 632 gleba

426 644 640 691 debetur.
671 665 692 689 υ
720 647 934 692 Matrona
955 655 1114 691 autem
1144 644 1462 710 respondebat
1491 643 1552 691 ad
1580 643 1710 691 haec:
1741 665 1763 690 «
1789 645 1836 690 Si

426 722 583 787 aliqua
607 724 667 771 de
687 725 835 771 victus
857 724 958 786 ejus
979 723 1273 788 exprobratis
1292 723 1584 781 necessitate,
1609 723 1774 787 saepius
1793 724 1836 770 ei

424 817 514 863 ego
536 811 583 848 et
603 802 811 848 triticum
837 802 940 848 misi
964 811 1011 848 et
1043 801 1279 849 hordeum
1294 837 1306 860 ,
1331 801 1461 864 quod
1486 800 1557 847 vel
1580 799 1658 847 ille
1680 816 1837 847 sume-

424 888 512 938 ret,
542 881 616 926 vel
638 878 740 926 aliis
764 879 1063 926 ministraret.
1099 898 1123 923 »
1144 866 1212 924 ‘At
1235 877 1299 924 illi
1326 877 1549 925 dicebant
1581 895 1591 922 :
1634 897 1654 921 «
1687 877 1838 923 Nostri

425 953 607 1015 generis
629 952 780 1000 homo
803 952 998 1000 effectus
1023 962 1115 1013 est,
1141 952 1288 999 nostri
1316 951 1523 998 fluminis
1555 967 1700 1015 aquas
1722 951 1837 998 hau-

423 1030 504 1091 sit,
532 1040 694 1077 nostra
715 1047 825 1077 eum
849 1040 973 1077 terra
997 1030 1117 1077 coelo
1140 1029 1410 1076 transmisit.
1438 1031 1709 1091 AEquumne
1728 1043 1838 1090 ergo

426 1117 495 1154 est
520 1117 569 1154 ut
591 1118 643 1154 tu
673 1108 733 1155 de
758 1118 882 1155 terra
908 1108 1059 1155 aliena
1084 1107 1280 1154 veniens
1303 1106 1456 1171 rapias
1477 1123 1587 1152 eum
1609 1105 1668 1152 de
1694 1121 1837 1153 manu

424 1186 617 1232 nostra?
647 1186 844 1232 Noveris
877 1185 1006 1232 enim
1037 1184 1147 1248 quia
1179 1200 1277 1230 non
1309 1183 1403 1230 hoc
1431 1181 1678 1230 sustinebit
1708 1183 1836 1246 quis-

423 1278 568 1326 quam
591 1271 826 1321 nostrum,
848 1261 1028 1309 sedhic
1054 1260 1319 1326 sepelietur.
1352 1278 1376 1304 »
1399 1262 1615 1307 Matrona
1638 1276 1834 1324 respon-

423 1337 521 1385 dit:
563 1358 584 1382 «
612 1339 660 1385 Si
684 1355 876 1403 germen
912 1339 1068 1403 stirpis
1098 1339 1196 1400 ejus
1232 1337 1493 1401 inquiritis,
1538 1352 1593 1383 ex
1627 1335 1728 1383 aliis
1763 1337 1838 1383 hic

422 1415 696 1479 regionibus
721 1415 1008 1474 adventavit,
1032 1415 1070 1461 si
1089 1430 1235 1478 aquas
1259 1414 1469 1460 fluminis
1492 1413 1718 1475 ingeritis,
1745 1428 1837 1477 pa—

423 1509 530 1538 rum
553 1494 677 1540 sitim
703 1493 805 1556 ejus
841 1492 1140 1550 mollierunt,
1174 1508 1319 1555 quam
1350 1490 1509 1555 potius
1534 1506 1560 1536 e
1581 1490 1703 1537 coelo
1738 1506 1837 1537 ma·-

423 1585 543 1615 nans
559 1569 666 1617 fons
686 1570 764 1617 ille
781 1569 1011 1616 restinxit.
1039 1589 1060 1611 ν)
1084 1570 1300 1632 Cumque
1318 1567 1420 1614 haec
1439 1577 1485 1613 et
1506 1566 1837 1630 hujuscemodi

421 1646 544 1693 inter
582 1663 631 1693 se
669 1645 816 1693 verba
862 1645 1149 1711 proferrent,
1198 1655 1245 1692 et
1285 1644 1631 1709 Lipidiacenses
1670 1643 1839 1692 effossa

421 1723 572 1770 humo
600 1733 647 1770 et
677 1722 896 1788 deposito
930 1722 1225 1787 sarcophago
1255 1739 1363 1769 eum
1400 1720 1596 1786 sepelire
1627 1721 1833 1768 niteren-

420 1808 513 1859 tur,
542 1799 815 1846 convocatis
846 1809 1063 1846 matrona
1096 1799 1298 1855 solatiis,
1330 1798 1495 1861 fugatis
1522 1797 1834 1862 pagensibuS,

420 1877 576 1941 rapuit
607 1887 825 1924 sanctum
862 1893 1060 1941 corpus,
1093 1892 1149 1923 ac
1174 1876 1292 1923 ferre
1321 1876 1463 1941 coepit
1489 1877 1537 1922 in
1563 1875 1736 1923 feretro
1773 1874 1835 1923 ad

422 1953 578 1998 vicum
601 1953 1055 2010 Trausaliacensem,
1089 1952 1326 2017 dispositis
1354 1953 1402 1998 in
1430 1952 1596 1998 itinere
1630 1951 1836 2016 psallen-

420 2027 539 2073 tium
579 2027 746 2074 turmis
787 2044 897 2074 cum
945 2027 1167 2074 crucibus
1198 2027 1468 2090 cereisque,
1510 2036 1652 2088 atque
1687 2025 1837 2073 odore

420 2103 666 2166 fragrantis
678 2104 1015 2167 thymiamatis.
1041 2103 1182 2161 Quod
1198 2102 1265 2149 illi
1281 2112 1545 2163 cernenteS,
1558 2103 1836 2167 poenitentia

421 2182 558 2241 moti,
594 2182 822 2227 miserunt
846 2190 955 2245 post
976 2189 1260 2236 matronam,
1287 2179 1529 2226 dicentes:
1565 2199 1586 2223 u
1616 2180 1834 2227 Peccavi-

421 2274 527 2304 mus
564 2256 826 2304 resistendo
866 2255 975 2315 tibi,
1010 2255 1223 2320 profecto
1257 2256 1383 2302 enim
1422 2256 1753 2318 cognoscimus
1789 2256 1836 2302 in

421 2334 516 2381 hoc
539 2351 639 2381 esse
661 2334 856 2381 Domini
875 2332 1196 2392 voluntatem3
1223 2349 1354 2379 nunc
1374 2342 1533 2379 autem
1555 2334 1760 2398 petimus
1785 2342 1838 2379 ut

421 2429 519 2459 non
549 2412 829 2475 abjiciamur
852 2410 923 2474 ab
959 2410 1099 2473 hujus
1139 2409 1315 2455 funeris
1350 2409 1606 2474 obsequiis,
1639 2409 1719 2456 sed
1753 2409 1836 2457 ad—

421 2489 666 2536 mittamur
698 2487 867 2535 officiis
901 2487 1016 2551 ejus.
1048 2507 1070 2529 ³>
1106 2485 1190 2533 Illa
1227 2502 1420 2550 quoque
1452 2487 1753 2552 permittente
1784 2496 1837 2533 ut

475 2639 513 2674 1.
546 2635 654 2674 Colb.
681 2638 967 2673 Transiliensem
997 2643 1034 2672 et
1059 2634 1161 2672 infra
1181 2633 1239 2672 bis
1267 2636 1632 2680 Transaliacensem5
1654 2633 1774 2673 Laud.
1798 2637 1836 2672 et

422 2695 514 2732 Bad.
533 2698 829 2732 Transaliensem
844 2702 881 2732 et
893 2693 991 2731 infra
1006 2696 1039 2730 T
1035 2695 1350 2730 ransaliacensem
1357 2707 1372 2738 ;
1384 2692 1479 2730 Bell.
1498 2696 1810 2730 'l'ranssaliensem
1818 2708 1833 2739 ;

421 2755 508 2790 Sur.
528 2766 679 2804 semper
705 2756 1047 2790 wansaliacensem
1064 2760 1102 2790 et
1121 2753 1219 2790 Gon.
1237 2754 1538 2790 Transiliensem.
1554 2755 1635 2801 (R.)
1649 2753 1831 2800 -2204,

426 2814 716 2849 Trana-alienam
736 2820 772 2850 et
790 2812 891 2850 infra
910 2811 967 2850 bis
992 2812 1342 2849 Transaliacensim.
