2054 3450
372 319 420 355 96
735 320 800 355 DE
830 319 1018 357 GLORIA
1046 320 1408 359 CONFESSORUM.

367 412 612 449 commoto
636 404 786 466 signo,
814 403 994 450 accedit
1019 403 1080 450 ad
1107 404 1340 451 tumulum
1363 407 1526 452 sancti.
1559 409 1772 469 Cumque

367 479 580 526 Davidici
612 480 832 526 carminis
863 480 1179 528 laudationem
1214 481 1371 529 clerici
1405 499 1574 530 canere
1607 483 1774 547 coepis-

366 566 485 615 sent,
520 556 642 602 odor
659 557 894 603 suavitatis
917 557 966 603 in
991 557 1181 604 basilica
1203 558 1350 604 sancti
1378 558 1569 605 advenit
1586 595 1598 619 ,
1625 569 1671 606 et
1693 558 1772 606 hic

367 631 557 679 directis
592 631 794 697 pedibus
831 633 1078 680 incolumis
1107 643 1177 681 est
1209 643 1407 680 erectus.
1443 634 1584 691 Quod
1614 651 1711 681 non
1743 651 1769 681 a

368 708 546 772 pauciS,
573 709 654 755 sed
680 725 708 756 a
733 709 967 774 plerisque
996 711 1148 757 visum
1179 711 1307 774 regio
1336 719 1529 757 testatur
1560 710 1767 758 alumna.

366 784 440 831 Sic
477 794 524 832 et
557 785 683 850 apud
721 786 1045 833 Croviensem¹
1081 787 1239 833 vicum
1275 786 1443 834 mulier
1477 803 1505 834 a
1535 787 1773 834 nativitate

367 877 506 921 caeca,
529 862 757 910 invocans
779 877 955 910 nomen
981 863 1147 922 sancti,
1173 863 1271 927 ipsa
1297 862 1372 909 die
1400 862 1662 911 illuminata
1681 873 1767 910 est.

903 1030 1058 1067 CAPUT
1082 1032 1219 1067 XCVII

842 1133 895 1166 De
912 1131 1074 1179 Hospitio
1099 1132 1308 1167 confessore.

435 1251 536 1297 Fuit
549 1251 596 1296 in
618 1249 808 1311 regione
824 1250 1008 1296 Nicensi
1026 1250 1265 1315 Hospitius
1279 1254 1293 1276 ²
1305 1265 1501 1314 magnus
1520 1250 1606 1297 Dei
1626 1250 1776 1297 famu-

369 1326 460 1385 lus,
500 1327 581 1389 qui
612 1325 770 1372 multis
805 1325 1053 1372 virtutibus
1086 1326 1324 1391 praeditus,
1366 1326 1426 1373 ab
1461 1325 1555 1372 hoc
1591 1325 1773 1373 mundo

370 1403 759 1466 migraviuCum
794 1402 1085 1466 sepeliretur,
1121 1403 1315 1466 quidam
1347 1403 1478 1466 juxta
1513 1403 1666 1467 ipsum
1698 1419 1774 1449 se-

371 1479 586 1544 pulcrum
611 1495 806 1526 manum
835 1495 1016 1543 ponens
1040 1495 1296 1544 parumper
1322 1479 1527 1544 pulveris
1558 1479 1771 1538 elevavit,

369 1555 499 1618 quod
517 1556 566 1602 in
587 1555 731 1602 linteo
746 1555 990 1602 involvens
1009 1555 1116 1601 rudi
1134 1572 1292 1602 secum
1314 1555 1535 1602 sustulit⁸.
1558 1558 1776 1618 Progres-

370 1648 541 1696 susque
572 1630 798 1696 postridie
833 1647 1002 1678 navem
1032 1648 1136 1695 quae
1169 1631 1420 1679 Massiliam
1455 1633 1523 1678 ire
1558 1631 1773 1696 parabat,

371 1708 568 1754 offendit
603 1708 649 1754 in
693 1707 847 1754 littore
880 1725 890 1753 ε
934 1707 1017 1754 sed
1056 1707 1132 1754 hic
1168 1708 1406 1755 Lirinense
1441 1708 1778 1755 monasterium

370 1795 589 1849 expetere
611 1784 846 1849 cupiebat.
877 1784 976 1830 viri
1004 1784 1144 1847 igitur
1163 1801 1370 1848 quorum
1396 1795 1492 1831 erat
1523 1785 1670 1842 navis,
1698 1787 1778 1831 Ju-

372 1861 502 1908 daica
536 1870 670 1908 erant
700 1878 724 1907 a
760 1862 901 1925 stirpe
932 1862 1183 1925 progeniti.
1220 1865 1326 1919 Qua
1359 1863 1583 1909 existente
1617 1877 1775 1919 causa,

371 1937 524 1983 noluit
560 1938 629 1982 vir
663 1935 870 1982 indicare
912 1936 1144 1982 naucleris
1180 1953 1283 2000 quae
1324 1937 1514 1984 ferebat.
1561 1937 1778 2000 Denique

374 2023 622 2077 postquam
670 2012 900 2076 progressi
943 2022 1110 2059 contra
1153 2013 1390 2060 Lirinense
1434 2013 1769 2060 monasterium

374 2089 682 2146 devenerunt,
716 2088 845 2134 navis
871 2087 918 2133 in
950 2087 1106 2134 medio
1139 2088 1291 2152 pelagi
1318 2089 1498 2150 restitit,
1527 2087 1771 2135 flantibus-

373 2181 466 2228 que
497 2165 646 2212 ventis
676 2163 803 2210 nulla
827 2173 1044 2210 movetur
1070 2164 1118 2210 in
1150 2174 1299 2229 parte.
1333 2164 1639 2229 Stupentibus
1661 2179 1773 2211 vero

373 2243 541 2289 Judaeis
572 2242 687 2306 quid
715 2241 810 2288 hoc
838 2251 974 2300 esset,
1008 2241 1157 2288 homo
1181 2241 1258 2288 ille
1286 2243 1528 2289 veritatem
1562 2241 1770 2307 aperuit,

375 2321 536 2368 dicens
560 2337 571 2365 ε
604 2318 878 2382 «Reliquias
909 2317 1036 2365 beati
1069 2319 1267 2383 Hospitii
1303 2336 1487 2366 mecum
1515 2318 1694 2379 habeo,
1720 2317 1776 2364 vet

376 2413 506 2443 nunc
544 2396 753 2442 Lirinum
794 2394 923 2441 adire
956 2394 1198 2456 desidero,
1236 2395 1368 2459 quod
1401 2394 1537 2442 vobis
1569 2394 1776 2441 indicare

430 2548 485 2601 (1)
512 2549 572 2588 Sic
601 2562 691 2587 mss.
723 2562 873 2598 omnes,
907 2556 948 2586 ut
977 2556 1015 2586 et
1043 2561 1121 2586 non
1152 2547 1268 2586 semel
1296 2547 1336 2585 in
1369 2547 1503 2586 Mirac.
1538 2549 1577 2586 S.
1606 2545 1775 2595 Martini,

377 2607 552 2659 quamvis
574 2607 665 2645 editi
692 2606 857 2645 habeant
883 2615 926 2644 ut
953 2607 1161 2658 plurimum
1182 2607 1391 2645 Cronienszzc
1412 2605 1541 2653 vicus;
1566 2618 1681 2656 quem
1709 2618 1779 2656 pu-

378 2674 459 2704 tant
477 2679 559 2704 esse
576 2666 786 2703 Credonem
804 2665 1100 2717 Andegavorum
1118 2663 1319 2716 oppidum,
1341 2664 1457 2716 vulgo
1476 2667 1611 2703 Craon.
1633 2662 1711 2716 (R.)

433 2724 491 2776 (2)
523 2727 707 2773 ospitius‚
729 2726 848 2772 2205,
869 2726 988 2761 2791.

383 2831 388 2835 ι
434 2781 492 2834 (3)
522 2782 635 2820 Addit
652 2782 692 2820 in
715 2781 885 2834 margine
903 2783 1007 2820 2204
1027 2795 1036 2818 z
1059 2784 1136 2832 Qui
1152 2785 1210 2819 ait
1227 2785 1370 2818 utinam
1387 2793 1535 2818 merear
1547 2793 1662 2818 sanus
1677 2780 1776 2830 fieri.

1345 2929 1369 2950 ει
