2054 3450
390 318 441 353 98
755 314 822 348 DE
849 314 1032 350 GLORIA
1059 313 1155 350 CON
1160 314 1185 350 F
1187 314 1427 351 ESSORUM.

389 403 550 448 metui.
586 404 719 447 Nunc
754 409 912 446 autem
946 400 1044 446 scio
1079 400 1190 463 quia
1226 400 1328 463 ejus
1364 401 1532 447 virtute
1570 401 1797 448 retinetur

390 480 520 525 navis
550 488 700 524 vestra
732 495 742 523 ε
777 493 863 523 nec
898 476 1010 522 hinc
1042 477 1221 523 moveri
1254 493 1444 540 prorsus
1475 478 1665 542 poterit,
1709 479 1796 525 nisi

388 571 672 602 consensum
689 553 798 600 illuc
812 554 1058 617 praebeatis
1075 570 1172 617 quo
1186 569 1274 617 ego
1291 554 1358 600 ire
1372 554 1596 618 disposui.
1615 574 1637 599 »
1653 554 1796 612 Quod

387 632 630 679 audientes
663 631 769 690 viri,
808 641 1001 695 stupore
1040 631 1258 694 permoti,
1298 631 1485 678 mutatis
1509 632 1622 678 velis
1654 632 1796 679 flante

390 719 530 756 vento
554 707 781 767 secundo,
811 708 913 754 viro
937 709 984 754 in
1009 707 1160 755 insula
1186 708 1415 754 Lirinensi
1437 707 1672 772 deposito,
1697 726 1794 773 quo

390 786 640 832 voluerunt
660 784 806 832 libere
831 783 1063 831 abierunt.

917 953 1073 987 CAPUT
1096 953 1265 990 XCVIII.

729 1056 780 1089 De
800 1054 986 1098 heremita,
1007 1054 1063 1088 cui
1081 1053 1231 1088 caldaria
1251 1054 1365 1100 lignea
1383 1054 1460 1088 fuit.

454 1171 573 1214 Ecce
625 1166 786 1229 quales
834 1178 1130 1230 quantasque
1177 1167 1271 1212 suis
1317 1177 1572 1229 congregat
1611 1166 1795 1213 divitias

387 1244 552 1291 mundi
589 1253 856 1308 paupertas,
897 1253 948 1290 ut
989 1244 1054 1289 eis
1091 1260 1188 1289 non
1226 1242 1381 1289 solum
1418 1260 1521 1306 quae
1562 1244 1794 1290 voluerint

388 1321 691 1385 Redemptor,
734 1324 814 1384 qui
853 1331 1023 1367 cuncta
1057 1337 1109 1366 ex
1148 1320 1296 1367 nihilo
1333 1320 1548 1367 condidit
1585 1320 1792 1381 tribuat,

385 1415 551 1444 verum
583 1398 725 1444 etiam
759 1398 860 1462 ipsa
883 1398 949 1444 eis
972 1397 1201 1443 elementa
1222 1396 1386 1461 jubeat
1415 1397 1646 1444 famulari.
1676 1401 1794 1445 Nam

385 1475 544 1520 recolo
568 1491 643 1520 me
666 1474 851 1521 audisse
874 1484 981 1520 ante
1003 1473 1092 1520 hos
1116 1489 1267 1520 annos
1290 1474 1514 1522 exstitisse
1537 1474 1794 1537 quemdam

386 1552 431 1598 in
462 1569 623 1598 eremo
656 1553 860 1615 regionis
888 1551 1152 1614 cujusdam,
1183 1551 1243 1597 ad
1276 1568 1420 1615 quem
1454 1552 1794 1615 requirendum

383 1645 493 1674 cum
527 1628 669 1675 frater
705 1645 731 1675 e
770 1628 984 1692 proximo
1026 1639 1242 1692 prompta
1277 1627 1532 1675 devotione
1571 1629 1792 1690 venisset,

383 1715 605 1769 exceptus
639 1718 707 1752 est
740 1705 800 1751 ab
835 1721 893 1751 eo
933 1704 1073 1768 plena
1106 1705 1252 1751 animi
1286 1704 1528 1752 charitate.
1558 1708 1688 1752 Tunc
1721 1706 1794 1752 in·

383 1783 526 1844 gressi
563 1782 812 1846 parvulum
856 1781 1216 1846 quodammodo
1259 1782 1528 1844 tugurium,
1578 1783 1794 1830 oratione

384 1859 520 1917 sacta,
556 1859 846 1905 resederunt.
882 1858 1279 1921 Conferentesque
1310 1858 1512 1922 plurima
1548 1859 1607 1906 de
1644 1859 1794 1922 verbo

386 1936 498 1993 Dei,
541 1936 687 1998 surgit
725 1952 866 1982 senex
902 1952 928 1981 a
963 1935 1131 1981 cellula
1165 1954 1175 1980 :
1218 1934 1480 1997 ingreditur
1516 1935 1789 1994 hortulum,

383 2012 510 2058 olera
535 2012 745 2076 decerpit
767 2012 826 2058 ad
850 2011 1027 2057 cibum.
1057 2014 1358 2075 Accensoque
1386 2012 1507 2072 foco,
1540 2013 1676 2076 ponit
1703 2011 1794 2060 cal-

384 2088 563 2134 dariam
586 2088 787 2150 ligneam
814 2105 954 2152 super
979 2089 1136 2151 ignem
1156 2087 1399 2152 impletam
1420 2104 1544 2152 aqua
1565 2105 1676 2135 cum
1693 2089 1791 2136 ole—

383 2164 529 2222 ribus,
560 2181 825 2228 urgensque
864 2166 1019 2227 ignem
1051 2167 1114 2211 ita
1141 2164 1444 2211 vehementer
1473 2165 1650 2212 fervere
1681 2182 1792 2212 coe·

381 2242 463 2304 git,
492 2251 542 2287 ut
563 2251 805 2304 putaretur
826 2257 956 2288 aenea
977 2257 1093 2287 esse.
1120 2243 1222 2287 Hoc
1243 2250 1402 2287 autem
1421 2241 1586 2288 videns
1612 2242 1684 2288 vir
1710 2242 1792 2306 qui

381 2318 661 2377 advenerat,
699 2308 891 2383 stupore
920 2329 1217 2376 commotus,
1254 2319 1511 2381 interrogat
1549 2319 1664 2385 quid
1697 2319 1791 2366 hoc

380 2405 514 2442 esset.
537 2394 799 2459 Respondit
821 2412 961 2442 senex
985 2413 994 2441 :
1021 2415 1043 2439 α
1057 2396 1211 2442 Multis
1229 2397 1326 2458 jam
1350 2396 1399 2442 in
1419 2395 1509 2443 hac
1525 2413 1687 2443 eremo
1705 2413 1792 2444 an-

384 2473 454 2518 nis
488 2472 719 2527 inhabito,
752 2472 835 2518 sed
864 2489 1051 2536 semper
1078 2472 1128 2518 in
1158 2472 1251 2519 hac
1281 2472 1487 2520 caldaria
1513 2472 1660 2530 cibos,
1692 2476 1787 2519 Do-

384 2549 512 2594 mino
547 2549 771 2612 jubente,
810 2549 871 2595 ad
907 2548 1219 2595 reficiendum
1259 2547 1416 2612 fragile
1454 2549 1788 2614 corpusculum

383 2626 655 2688 praeparavi.
678 2645 698 2667 »
720 2626 968 2688 Coctisque
981 2625 1116 2684 cibis,
1136 2625 1331 2671 redditis
1345 2628 1446 2671 Deo
1466 2625 1636 2672 debitis
1649 2625 1791 2689 hym-

380 2701 476 2760 nis,
515 2700 658 2747 ambo
690 2718 744 2747 ex
778 2701 918 2764 hujus
950 2701 1126 2748 vasculi
1166 2701 1424 2748 ministerio
1459 2711 1570 2749 sunt
1606 2702 1785 2749 refecti.

379 2780 484 2823 Haec
509 2777 622 2823 olim
647 2778 821 2824 audivi.
853 2781 972 2825 Nam
997 2795 1148 2842 nuper
1166 2777 1273 2825 vidi
1297 2778 1536 2841 abbatem,
1570 2780 1653 2842 qui
1679 2795 1790 2826 eum

2034 2223 2054 2347 ,ama-2131
2044 2200 2052 2212 ι
2047 2138 2054 2171 «Υ.
2052 2116 2054 2127 ,Α
