2054 3450
421 327 495 363 372
734 330 744 337 ⁶
927 321 1054 356 VITJE
1081 319 1302 355 PATRUM.

490 418 533 460 1.
566 412 708 474 Igitur
728 410 995 456 beatissima
1026 407 1352 470 Monegundis,
1385 409 1659 454 Carnotenae
1690 405 1818 452 urbis

422 489 669 552 indigena,
713 495 959 551 parentum
1007 485 1067 532 ad
1110 495 1274 531 votum
1312 483 1530 547 copulata
1571 483 1816 548 conjugio,

422 565 539 611 duas
572 563 688 610 filias
721 562 911 619 habuit,
949 578 1090 625 super
1125 560 1296 624 quibus
1320 558 1454 606 valde
1492 559 1646 621 gavisa
1688 559 1820 605 laeta-

421 642 578 699 batur,
604 641 766 687 dicens
789 641 898 703 quia
923 657 933 684 :
963 659 985 680 «
1019 638 1295 702 Propagavit
1318 639 1442 683 Deus
1473 636 1823 698 generationem

423 735 592 775 meam,
621 727 672 763 ut
694 717 810 762 mibi
833 716 936 762 duae
954 714 1056 760 filiae
1074 723 1391 760 nascerentur.
1416 733 1437 755 »
1461 711 1553 758 Sed
1571 711 1664 758 hoc
1684 727 1822 764 mun-

421 794 544 841 diale
563 793 784 857 gaudium
810 791 1033 856 praevenit
1057 790 1209 836 saeculi
1232 788 1374 852 hujus
1397 787 1680 845 amaritudo,
1708 786 1824 833 dum

421 870 584 934 puellae
622 869 807 915 modica
839 867 966 913 febre
989 866 1180 930 pulsatae
1216 874 1386 911 metam
1418 874 1596 911 naturae
1618 862 1824 909 debitam

421 947 768 992 concluserunt.
799 947 860 989 Ex
881 944 972 989 hoc
994 942 1192 1006 genitrix
1211 951 1378 988 moesta
1397 940 1665 1005 deplorans,
1692 938 1828 986 orba-

419 1034 610 1086 tamque
636 1037 684 1068 se
707 1021 872 1082 lugens
906 1036 1003 1066 non
1037 1018 1229 1077 diebus,
1260 1035 1358 1064 non
1398 1016 1617 1064 noctibus
1655 1032 1684 1063 a
1714 1015 1824 1062 fletu

419 1097 647 1156 cessabat,
680 1112 822 1157 quam
856 1111 953 1141 non
977 1095 1064 1154 vir,
1092 1111 1188 1140 non
1215 1094 1408 1152 amicus,
1443 1109 1540 1139 non
1567 1092 1689 1139 ullus
1717 1108 1827 1154 pro-

421 1176 710 1239 pinquorum
746 1182 928 1237 poterat
959 1170 1209 1218 consolari.
1237 1169 1541 1233 Tandemque
1564 1169 1611 1215 in
1640 1185 1689 1215 se
1711 1185 1822 1215 con-

420 1268 570 1311 versa,
600 1252 664 1298 ait
688 1268 698 1295 :
730 1270 752 1292 α
781 1250 829 1296 Si
863 1248 1042 1295 nullam
1073 1247 1449 1294 consolationem
1471 1245 1531 1292 de
1552 1245 1687 1292 obitu
1707 1243 1828 1291 filia-

420 1345 525 1374 rum
548 1327 702 1390 capio,
724 1342 889 1372 vereor
915 1342 974 1371 ne
997 1324 1059 1370 ol)
1083 1324 1175 1371 hoc
1194 1323 1360 1370 laedam
1383 1322 1642 1368 Dominum
1667 1338 1826 1368 meum

419 1406 575 1450 Jesum
604 1390 857 1449 Christumss
895 1401 986 1447 Sed
1011 1417 1137 1447 nunc
1165 1400 1264 1446 haec
1296 1399 1504 1446 lamenta
1538 1398 1824 1461 relinquens,

420 1495 529 1526 cum
567 1479 705 1525 beato
727 1478 817 1524 Job
841 1477 1082 1524 consolata
1106 1476 1353 1522 decantem
1381 1492 1390 1519 :
1431 1494 1453 1516 «
1480 1475 1714 1520 Dominus
1743 1473 1827 1520 de-

422 1555 514 1612 dit,
546 1555 780 1600 Dominus
806 1552 1015 1611 abstulit,
1045 1552 1290 1615 quomodo
1326 1550 1533 1596 Domino
1559 1550 1734 1614 placuit
1765 1550 1830 1597 ita

422 1631 597 1676 factum
619 1639 688 1676 est
715 1648 725 1676 τ
757 1630 814 1675 sit
838 1645 1011 1675 nomen
1035 1628 1226 1674 Domini
1252 1626 1571 1673 benedictum.
1607 1645 1627 1669 υ
1648 1629 1713 1672 >Et
1730 1626 1830 1673 haec

421 1707 599 1766 dicens,
624 1716 761 1753 exuta
786 1716 910 1753 veste
933 1705 1139 1769 lugubri,
1161 1706 1297 1769 jussit
1311 1705 1399 1752 sibi
1414 1705 1630 1752 cellulam
1655 1720 1828 1768 parvu-

422 1783 515 1830 lam
541 1784 806 1848 praeparari,
831 1785 878 1828 in
904 1799 997 1846 qua
1021 1799 1165 1828 unam
1203 1781 1535 1828 tantummodo
1564 1779 1829 1827 fenestellu-

422 1859 534 1917 lam,
557 1876 642 1924 per
660 1875 802 1922 quam
829 1858 1068 1905 modicum
1103 1858 1262 1905 lumen
1298 1867 1454 1922 posset
1479 1873 1688 1916 cernere,
1723 1873 1832 1922 prae-

423 1936 548 1999 cepit
572 1936 721 1999 aptari
744 1954 753 1981 :
783 1934 942 1998 ibique
964 1944 1240 1999 contempto
1261 1934 1428 1980 mundi
1448 1933 1645 1991 ambitu,
1672 1943 1829 1997 spreto

424 2013 510 2058 viri
533 2013 793 2070 consortio,
830 2011 916 2057 soli
941 2013 1041 2056 Deo
1076 2012 1122 2056 in
1155 2027 1251 2074 quo
1277 2020 1377 2057 erat
1403 2010 1583 2056 confisa
1615 2009 1826 2067 vacabat,

427 2086 628 2133 fundens
642 2087 904 2133 orationem
925 2103 1012 2150 pro
1031 2087 1124 2133 suis
1147 2085 1407 2150 populique
1428 2086 1624 2142 delictis,
1644 2084 1827 2132 habens

424 2162 680 2226 puellulam
706 2179 849 2209 unam
873 2163 1004 2225 cujus
1032 2163 1074 2208 ei
1102 2163 1325 2209 famulatu
1355 2162 1744 2209 ministrabantur
1775 2177 1832 2208 ea

425 2256 528 2303 quae
551 2240 799 2296 necessitas
823 2237 1050 2300 exigebat.
1091 2238 1359 2302 Accipiebat
1382 2239 1524 2285 etiam
1557 2247 1603 2284 et
1633 2238 1831 2285 farinam

425 2315 758 2374 hordeaceam,
775 2315 1048 2378 infusosque
1069 2314 1274 2379 lymphis
1296 2315 1494 2373 cineres,
1515 2331 1570 2362 ac
1587 2314 1832 2378 diligenter

426 2393 605 2451 colans,
633 2408 690 2438 ex
720 2408 774 2438 ea
795 2407 918 2455 aqua
947 2391 1200 2437 mixturam
1221 2407 1383 2438 massae
1407 2390 1703 2452 conficiebat,
1734 2391 1831 2438 for-

428 2479 673 2532 matosque
694 2469 898 2533 propriis
928 2467 1147 2515 manibus
1172 2485 1318 2533 panes
1341 2479 1388 2515 et
1415 2469 1565 2532 ipsam
1587 2485 1798 2532 coquens
1814 2504 1826 2528 ‚

428 2555 535 2608 post
558 2546 699 2607 longa
724 2545 903 2610 Jejunia
927 2544 1250 2591 reficiebatur:
1279 2545 1510 2607 reliquum
1541 2545 1711 2592 domus
1735 2562 1830 2592 suae

427 2620 586 2666 cibum
632 2620 918 2685 pauperibus
961 2620 1279 2684 dispensabat.
1328 2623 1521 2667 Factum
1563 2630 1630 2667 est
1671 2631 1830 2668 autem

428 2697 632 2759 quadam
669 2697 744 2743 die
767 2707 820 2744 ut
849 2707 1107 2744 memorata
1131 2697 1301 2761 puella,
1327 2714 1429 2760 quae
1453 2698 1494 2743 ei
1526 2707 1831 2745 consueverat

432 2773 674 2831 famulari,
709 2784 754 2820 et
789 2774 931 2821 credo
966 2774 1143 2820 inimici
1176 2783 1278 2820 astu
1310 2773 1502 2820 seducta
1532 2773 1609 2820 cui
1644 2790 1829 2839 semper
