2054 3450
418 351 433 385 1
446 349 494 385 50
930 347 1061 382 VITAE
1087 346 1303 383 PATRUM.

417 433 570 480 crucis
602 432 869 487 dominicae,
896 447 925 478 a
949 431 1145 479 diversis
1171 431 1479 496 languoribus
1511 441 1621 479 sunt
1657 431 1822 496 erepti.

417 510 516 555 Erit
545 519 707 556 autern
741 525 999 556 concursus
1034 509 1094 556 ad
1117 509 1355 556 tumulum
1390 525 1566 569 meum,
1595 509 1634 556 si
1657 508 1718 555 ab
1740 508 1828 555 hac

417 586 521 632 luce
547 585 826 648 migravero.
847 585 1055 649 Ideoque
1073 602 1206 649 rogo,
1223 595 1275 631 ut
1288 585 1474 632 eminus
1491 601 1519 632 a
1540 586 1828 632 monasterio

417 661 726 724 requiescam.
750 682 772 705 >³
794 664 886 708 Pro
904 661 995 709 hac
1016 677 1131 708 vero
1153 678 1310 720 causa,
1336 677 1446 708 cum
1463 660 1654 708 obiisset
1669 661 1718 707 in
1743 661 1827 707 de-

417 754 522 785 cem
544 739 752 785 millibus
777 755 806 786 a
826 740 1111 786 monasterio
1139 739 1188 785 in
1212 748 1376 785 monte
1399 737 1600 804 parvulo
1621 737 1830 802 sepultus

417 825 486 862 est
525 834 535 862 ε
572 833 714 881 super
747 816 881 879 cujus
911 815 1135 880 deinceps
1153 815 1422 881 sepulcrum
1460 831 1684 879 magnum
1713 824 1830 862 tem-

418 893 551 956 plum
573 892 855 940 aedificatum
874 902 961 953 est,
983 894 1031 939 in
1046 893 1180 957 quod
1202 894 1368 956 ingens
1385 893 1647 957 frequentia
1666 891 1832 957 populi

418 969 584 1016 diebus
619 970 814 1033 singulis
845 971 1064 1017 accurrit.
1100 969 1254 1016 Multae
1287 971 1416 1017 enim
1452 970 1647 1016 virtutes
1682 969 1751 1016 ibi
1783 970 1830 1015 in

418 1046 505 1093 Dei
527 1047 722 1093 nomine
737 1063 866 1093 nunc
881 1046 1222 1107 ostenduntur3
1250 1063 1362 1094 nam
1383 1057 1431 1094 et
1446 1047 1556 1094 caeci
1578 1046 1644 1093 ibi
1668 1045 1831 1092 lumen

418 1133 465 1170 et
483 1123 612 1170 surdi
634 1123 867 1181 auditum,
896 1133 943 1171 et
960 1124 1202 1188 paralytici
1225 1140 1435 1187 gressum
1459 1124 1740 1189 plerumque
1767 1139 1835 1170 re·

418 1201 618 1264 cipiunt.
640 1201 896 1265 Lupicinus
922 1210 1082 1247 autem
1104 1200 1253 1248 abbas
1275 1201 1457 1258 obiens,
1494 1201 1620 1247 intra
1642 1213 1831 1247 monas-

422 1277 523 1323 terii
555 1276 796 1324 basilicam
824 1287 894 1324 est
925 1277 1135 1341 sepultus
1160 1295 1169 1323 :
1197 1278 1480 1341 reliquitque
1511 1277 1720 1323 Domino
1753 1293 1833 1341 pe-

421 1355 572 1402 cuniae
618 1355 805 1402 creditae
855 1355 1163 1420 multiplicata
1211 1355 1410 1410 talenta,
1464 1354 1512 1401 id
1558 1364 1628 1400 est
1673 1353 1835 1401 beatas

421 1431 770 1478 monachorum
790 1432 1178 1495 congregationes
1196 1431 1246 1478 in
1269 1432 1369 1494 ejus
1386 1430 1527 1478 laude
1543 1430 1756 1477 devotas.

1017 1601 1172 1636 CAPUT
1195 1602 1246 1636 ΙΙ.

865 1704 918 1738 De
935 1710 1056 1738 sancto
1073 1702 1194 1738 Illidio
1212 1703 1391 1751 episcopo.

491 1823 614 1868 [nter
646 1821 826 1886 reliqua
850 1821 956 1869 vitae
981 1831 1217 1887 perpetuae
1253 1822 1450 1879 semina,
1487 1838 1591 1885 quae
1632 1819 1832 1868 coelestis

424 1908 553 1945 sator
588 1915 644 1945 ex
672 1899 754 1946 illo
790 1888 1058 1947 divinitatis‘
1082 1900 1212 1947 fonte
1242 1900 1414 1947 mentis
1446 1899 1632 1946 incultae
1666 1915 1832 1946 arvum

424 1975 496 2021 vel
516 1975 722 2038 irrigavit
737 1975 1049 2033 institutione,
1074 1976 1148 2022 vel
1167 1975 1389 2039 dogmate
1415 1975 1701 2033 fecundavit,
1726 1976 1792 2022 ait
1817 1994 1826 2021 :

430 2070 452 2094 α
471 2052 638 2098 Omnis
659 2052 741 2115 qui
764 2068 862 2098 non
880 2053 1050 2116 accipit
1068 2069 1258 2099 crucem
1280 2068 1415 2099 suam
1436 2062 1482 2098 et
1506 2052 1718 2115 sequitur
1735 2069 1831 2111 me,

428 2143 527 2174 non
558 2138 628 2174 est
654 2144 732 2174 me
766 2128 952 2191 dignus.
990 2148 1012 2171 »
1053 2132 1110 2175 Et
1141 2128 1254 2175 alibi
1279 2146 1290 2174 ε
1329 2149 1352 2173 «
1379 2129 1475 2176 Nisi
1505 2145 1705 2192 granum
1737 2128 1834 2175 fru-

430 2203 576 2248 menti
597 2202 771 2249 cadens
791 2203 842 2248 in
865 2212 1037 2250 terram
1057 2212 1300 2250 mortuum
1322 2203 1476 2263 fuerit,
1495 2204 1651 2267 ipsum
1681 2202 1836 2249 solum

428 2288 616 2338 manet3
657 2279 695 2325 si
738 2288 898 2326 autem
931 2289 1175 2326 mortuum
1203 2279 1363 2337 fuerit,
1398 2280 1600 2326 multum
1633 2279 1834 2326 fructum

428 2355 579 2402 affert.
614 2356 709 2413 Qui
742 2366 868 2403 amat
893 2358 1102 2404 animam
1133 2373 1284 2418 suam,
1319 2357 1484 2421 perdet
1509 2372 1645 2415 eam;
1680 2366 1727 2403 et
1755 2357 1836 2420 qui

431 2433 532 2479 odit
552 2433 761 2480 animam
784 2449 919 2480 suam
956 2434 1005 2480 in
1032 2433 1126 2480 hoc
1150 2434 1352 2494 mundo,
1376 2434 1426 2480 in
1451 2434 1596 2480 vitam
1614 2443 1835 2480 aeternam

431 2509 635 2556 custodit
675 2525 796 2556 eam.
840 2529 863 2554 »
905 2510 998 2557 Sed
1039 2510 1117 2556 ille
1145 2509 1455 2557 nihilominus
1482 2525 1564 2557 vas
1598 2510 1837 2556 electionis

432 2584 598 2632 beatus
620 2585 792 2633 Paulus
819 2587 1079 2651 apostolus,
1113 2586 1260 2633 dicit:
1297 2606 1320 2631 «
1359 2588 1555 2651 Semper
1581 2585 1834 2633 mortifica-

434 2661 610 2707 tionem
635 2662 807 2709 Christi
819 2664 868 2710 in
893 2681 1094 2728 corpore
1115 2673 1269 2710 vestro
1290 2662 1688 2721 circumferentes,
1715 2672 1768 2709 ut
1790 2673 1837 2710 et

433 2735 526 2781 vita
545 2737 654 2781 Jesu
672 2736 991 2784 manifestetur
1014 2739 1061 2784 in
1086 2736 1232 2784 corde
1253 2745 1409 2782 vestro
1433 2735 1634 2782 mortali.
1666 2756 1690 2780 J>
1713 2739 1835 2799 Ergo

434 2812 726 2867 confessores
770 2812 966 2874 Christi,
1007 2830 1128 2877 quos
1169 2824 1354 2877 tempus
1397 2812 1735 2877 persecutionis
1774 2812 1836 2859 ad
