<?xml version="1.0" encoding="UTF-8"?>
<!DOCTYPE html PUBLIC "-//W3C//DTD XHTML 1.0 Transitional//EN"
    "http://www.w3.org/TR/xhtml1/DTD/xhtml1-transitional.dtd">
<html xmlns="http://www.w3.org/1999/xhtml" xml:lang="en" lang="en">
 <head>
  <title>
</title>
<meta http-equiv="Content-Type" content="text/html;charset=utf-8" />
  <meta name='ocr-system' content='tesseract 3.04.00' />
  <meta name='ocr-capabilities' content='ocr_page ocr_carea ocr_par ocr_line ocrx_word'/>
</head>
<body>
  <div class='ocr_page' id='page_1' title='image "./leslivresdesmira03greguoft_0290.png"; bbox 0 0 2054 3450; ppageno 0'>
   <div class='ocr_carea' id='block_1_1' title="bbox 433 346 1323 385">
    <p class='ocr_par' dir='ltr' id='par_1_1' title="bbox 433 346 1323 385">
     <span class='ocr_line' id='line_1_1' title="bbox 433 346 1323 385; baseline 0.001 -2"><span class='ocrx_word' id='word_1_1' title='bbox 433 349 508 385; x_wconf 69' lang='lat'><strong>274</strong></span> <span class='ocrx_word' id='word_1_2' title='bbox 952 346 1079 382; x_wconf 81' lang='lat' dir='ltr'>VITAE</span> <span class='ocrx_word' id='word_1_3' title='bbox 1106 346 1307 383; x_wconf 68' lang='lat' dir='ltr'>PATRUM</span> <span class='ocrx_word' id='word_1_4' title='bbox 1315 376 1323 384; x_wconf 94' lang='lat'><strong>.</strong></span> 
     </span>
    </p>
   </div>
   <div class='ocr_carea' id='block_1_2' title="bbox 434 432 1851 2884">
    <p class='ocr_par' dir='ltr' id='par_1_2' title="bbox 434 432 1851 2884">
     <span class='ocr_line' id='line_1_2' title="bbox 436 432 1838 498; baseline -0.002 -17"><span class='ocrx_word' id='word_1_5' title='bbox 436 433 651 498; x_wconf 86' lang='lat' dir='ltr'><strong>periculis</strong></span> <span class='ocrx_word' id='word_1_6' title='bbox 672 449 777 479; x_wconf 87' lang='lat' dir='ltr'><strong>sum</strong></span> <span class='ocrx_word' id='word_1_7' title='bbox 799 433 1001 480; x_wconf 85' lang='lat' dir='ltr'><strong>salvatus</strong></span> <span class='ocrx_word' id='word_1_8' title='bbox 1023 433 1224 496; x_wconf 76' lang='lat' dir='ltr'><strong>iniquis?</strong></span> <span class='ocrx_word' id='word_1_9' title='bbox 1243 453 1264 475; x_wconf 72' lang='grc' dir='ltr'>υ</span> <span class='ocrx_word' id='word_1_10' title='bbox 1295 435 1350 478; x_wconf 81' lang='lat' dir='ltr'><strong>Et</strong></span> <span class='ocrx_word' id='word_1_11' title='bbox 1369 448 1578 495; x_wconf 86' lang='lat' dir='ltr'><strong>egressus</strong></span> <span class='ocrx_word' id='word_1_12' title='bbox 1597 432 1656 480; x_wconf 81' lang='lat' dir='ltr'><strong>ab</strong></span> <span class='ocrx_word' id='word_1_13' title='bbox 1676 432 1838 496; x_wconf 88' lang='lat' dir='ltr'><strong>hospi-</strong></span> 
     </span>
     <span class='ocr_line' id='line_1_3' title="bbox 434 507 1834 573; baseline -0.002 -16"><span class='ocrx_word' id='word_1_14' title='bbox 434 511 548 557; x_wconf 91' lang='lat' dir='ltr'><strong>tiolo</strong></span> <span class='ocrx_word' id='word_1_15' title='bbox 572 526 677 569; x_wconf 92' lang='lat' dir='ltr'><strong>suo,</strong></span> <span class='ocrx_word' id='word_1_16' title='bbox 704 508 880 556; x_wconf 89' lang='lat' dir='ltr'><strong>oblitus</strong></span> <span class='ocrx_word' id='word_1_17' title='bbox 903 517 1121 573; x_wconf 82' lang='lat' dir='ltr'><strong>parentes</strong></span> <span class='ocrx_word' id='word_1_18' title='bbox 1143 517 1189 554; x_wconf 90' lang='lat' dir='ltr'><strong>et</strong></span> <span class='ocrx_word' id='word_1_19' title='bbox 1213 507 1429 571; x_wconf 84' lang='lat' dir='ltr'><strong>patriam,</strong></span> <span class='ocrx_word' id='word_1_20' title='bbox 1452 525 1662 555; x_wconf 89' lang='lat' dir='ltr'><strong>eremum</strong></span> <span class='ocrx_word' id='word_1_21' title='bbox 1686 509 1834 573; x_wconf 88' lang='lat' dir='ltr'><strong>petiit,</strong></span> 
     </span>
     <span class='ocr_line' id='line_1_4' title="bbox 434 584 1840 650; baseline -0.001 -16"><span class='ocrx_word' id='word_1_22' title='bbox 434 605 495 634; x_wconf 89' lang='lat' dir='ltr'><strong>ne</strong></span> <span class='ocrx_word' id='word_1_23' title='bbox 516 588 564 634; x_wconf 93' lang='lat' dir='ltr'><strong>in</strong></span> <span class='ocrx_word' id='word_1_24' title='bbox 585 586 756 634; x_wconf 87' lang='lat' dir='ltr'><strong>saeculo</strong></span> <span class='ocrx_word' id='word_1_25' title='bbox 777 586 1009 634; x_wconf 80' lang='lat' dir='ltr'>habitanti</span> <span class='ocrx_word' id='word_1_26' title='bbox 1030 585 1423 650; x_wconf 81' lang='lat' dir='ltr'><strong>impedimentum</strong></span> <span class='ocrx_word' id='word_1_27' title='bbox 1443 584 1636 648; x_wconf 84' lang='lat' dir='ltr'>aliquod</span> <span class='ocrx_word' id='word_1_28' title='bbox 1653 585 1714 632; x_wconf 92' lang='lat' dir='ltr'><strong>de</strong></span> <span class='ocrx_word' id='word_1_29' title='bbox 1733 602 1840 632; x_wconf 90' lang='lat' dir='ltr'><strong>ora-</strong></span> 
     </span>
     <span class='ocr_line' id='line_1_5' title="bbox 434 662 1841 730; baseline -0.002 -19"><span class='ocrx_word' id='word_1_30' title='bbox 434 665 564 711; x_wconf 88' lang='lat' dir='ltr'><strong>tione</strong></span> <span class='ocrx_word' id='word_1_31' title='bbox 603 664 768 711; x_wconf 88' lang='lat' dir='ltr'><strong>mundi</strong></span> <span class='ocrx_word' id='word_1_32' title='bbox 810 663 1079 711; x_wconf 90' lang='lat' dir='ltr'><strong>sollicitudo</strong></span> <span class='ocrx_word' id='word_1_33' title='bbox 1120 662 1370 710; x_wconf 89' lang='lat' dir='ltr'><strong>conferret.</strong></span> <span class='ocrx_word' id='word_1_34' title='bbox 1419 664 1522 726; x_wconf 89' lang='lat' dir='ltr'><strong>Ipse</strong></span> <span class='ocrx_word' id='word_1_35' title='bbox 1565 679 1756 730; x_wconf 90' lang='lat' dir='ltr'><strong>quoque</strong></span> <span class='ocrx_word' id='word_1_36' title='bbox 1796 673 1841 710; x_wconf 87' lang='lat' dir='ltr'><strong>et</strong></span> 
     </span>
     <span class='ocr_line' id='line_1_6' title="bbox 435 738 1841 805; baseline -0.001 -17"><span class='ocrx_word' id='word_1_37' title='bbox 435 740 581 788; x_wconf 85' lang='lat' dir='ltr'><strong>&#39;abbas</strong></span> <span class='ocrx_word' id='word_1_38' title='bbox 608 740 870 805; x_wconf 69' lang='lat' dir='ltr'><strong>sabaudus,</strong></span> <span class='ocrx_word' id='word_1_39' title='bbox 900 741 981 804; x_wconf 89' lang='lat' dir='ltr'><strong>qui</strong></span> <span class='ocrx_word' id='word_1_40' title='bbox 1006 738 1394 804; x_wconf 87' lang='lat' dir='ltr'><strong>quondam-regis</strong></span> <span class='ocrx_word' id='word_1_41' title='bbox 1416 738 1609 785; x_wconf 90' lang='lat' dir='ltr'><strong>Clotarii</strong></span> <span class='ocrx_word' id='word_1_42' title='bbox 1631 739 1841 786; x_wconf 83' lang='lat' dir='ltr'><strong>minister</strong></span> 
     </span>
     <span class='ocr_line' id='line_1_7' title="bbox 435 815 1841 884; baseline -0.001 -20"><span class='ocrx_word' id='word_1_43' title='bbox 435 819 600 876; x_wconf 83' lang='lat' dir='ltr'><strong>fuerat,</strong></span> <span class='ocrx_word' id='word_1_44' title='bbox 623 819 947 884; x_wconf 64' lang='lat' dir='ltr'><strong>poenitentiam</strong></span> <span class='ocrx_word' id='word_1_45' title='bbox 965 817 1267 883; x_wconf 77' lang='lat' dir='ltr'><strong>accipientes,</strong></span> <span class='ocrx_word' id='word_1_46' title='bbox 1287 815 1679 863; x_wconf 88' lang='lat' dir='ltr'><strong>Vindunitensem</strong></span> <span class='ocrx_word' id='word_1_47' title='bbox 1703 819 1841 865; x_wconf 88' lang='lat' dir='ltr'><strong>Nam-</strong></span> 
     </span>
     <span class='ocr_line' id='line_1_8' title="bbox 436 891 1843 956; baseline -0.001 -14"><span class='ocrx_word' id='word_1_48' title='bbox 436 896 575 945; x_wconf 90' lang='lat' dir='ltr'><strong>netici</strong></span> <span class='ocrx_word' id='word_1_49' title='bbox 598 896 817 942; x_wconf 87' lang='lat' dir='ltr'><strong>territorii</strong></span> <span class='ocrx_word' id='word_1_50' title='bbox 836 895 1037 945; x_wconf 84' lang='lat' dir='ltr'><strong>insulam</strong></span> <span class='ocrx_word' id='word_1_51' title='bbox 1056 903 1166 943; x_wconf 89' lang='lat' dir='ltr'><strong>sunt</strong></span> <span class='ocrx_word' id='word_1_52' title='bbox 1183 893 1383 956; x_wconf 84' lang='lat' dir='ltr'><strong>aggressi</strong></span> <span class='ocrx_word' id='word_1_53' title='bbox 1401 910 1411 941; x_wconf 76' lang='grc' dir='ltr'>ε</span> <span class='ocrx_word' id='word_1_54' title='bbox 1428 891 1670 943; x_wconf 82' lang='lat' dir='ltr'><strong>habebant</strong></span> <span class='ocrx_word' id='word_1_55' title='bbox 1685 902 1843 941; x_wconf 89' lang='lat' dir='ltr'><strong>autem</strong></span> 
     </span>
     <span class='ocr_line' id='line_1_9' title="bbox 435 968 1845 1028; baseline -0.002 -8"><span class='ocrx_word' id='word_1_56' title='bbox 435 989 596 1020; x_wconf 88' lang='lat' dir='ltr'><strong>secum</strong></span> <span class='ocrx_word' id='word_1_57' title='bbox 620 983 667 1021; x_wconf 91' lang='lat' dir='ltr'><strong>et</strong></span> <span class='ocrx_word' id='word_1_58' title='bbox 684 972 1022 1020; x_wconf 75' lang='lat' dir='ltr'><strong>secundellum</strong></span> <span class='ocrx_word' id='word_1_59' title='bbox 1045 971 1312 1020; x_wconf 88' lang='lat' dir='ltr'><strong>diaconem.</strong></span> <span class='ocrx_word' id='word_1_60' title='bbox 1345 968 1497 1019; x_wconf 82' lang='lat' dir='ltr'><strong>Abbas</strong></span> <span class='ocrx_word' id='word_1_61' title='bbox 1523 986 1660 1028; x_wconf 87' lang='lat' dir='ltr'><strong>vero,</strong></span> <span class='ocrx_word' id='word_1_62' title='bbox 1689 968 1845 1018; x_wconf 88' lang='lat' dir='ltr'><strong>ablata</strong></span> 
     </span>
     <span class='ocr_line' id='line_1_10' title="bbox 437 1045 1843 1106; baseline -0.001 -10"><span class='ocrx_word' id='word_1_63' title='bbox 437 1049 496 1096; x_wconf 92' lang='lat' dir='ltr'><strong>de</strong></span> <span class='ocrx_word' id='word_1_64' title='bbox 521 1059 676 1099; x_wconf 88' lang='lat' dir='ltr'><strong>aratro</strong></span> <span class='ocrx_word' id='word_1_65' title='bbox 700 1049 892 1097; x_wconf 87' lang='lat' dir='ltr'><strong>Domini</strong></span> <span class='ocrx_word' id='word_1_66' title='bbox 916 1064 1084 1106; x_wconf 86' lang='lat' dir='ltr'><strong>manu,</strong></span> <span class='ocrx_word' id='word_1_67' title='bbox 1114 1047 1174 1094; x_wconf 91' lang='lat' dir='ltr'><strong>ab</strong></span> <span class='ocrx_word' id='word_1_68' title='bbox 1204 1047 1356 1095; x_wconf 87' lang='lat' dir='ltr'><strong>insula</strong></span> <span class='ocrx_word' id='word_1_69' title='bbox 1382 1045 1629 1094; x_wconf 86' lang='lat' dir='ltr'><strong>discedens</strong></span> <span class='ocrx_word' id='word_1_70' title='bbox 1651 1046 1712 1095; x_wconf 90' lang='lat' dir='ltr'><strong>ad</strong></span> <span class='ocrx_word' id='word_1_71' title='bbox 1737 1062 1843 1099; x_wconf 83' lang='lat' dir='ltr'><strong>mo-</strong></span> 
     </span>
     <span class='ocr_line' id='line_1_11' title="bbox 437 1123 1843 1189; baseline -0.002 -16"><span class='ocrx_word' id='word_1_72' title='bbox 437 1127 694 1174; x_wconf 88' lang='lat' dir='ltr'><strong>nasterium</strong></span> <span class='ocrx_word' id='word_1_73' title='bbox 716 1126 878 1187; x_wconf 89' lang='lat' dir='ltr'><strong>rediit,</strong></span> <span class='ocrx_word' id='word_1_74' title='bbox 909 1142 997 1175; x_wconf 88' lang='lat' dir='ltr'><strong>nec</strong></span> <span class='ocrx_word' id='word_1_75' title='bbox 1026 1124 1176 1174; x_wconf 88' lang='lat' dir='ltr'><strong>multo</strong></span> <span class='ocrx_word' id='word_1_76' title='bbox 1203 1133 1334 1189; x_wconf 86' lang='lat' dir='ltr'><strong>post,</strong></span> <span class='ocrx_word' id='word_1_77' title='bbox 1365 1124 1561 1171; x_wconf 86' lang='lat' dir='ltr'><strong>occultis</strong></span> <span class='ocrx_word' id='word_1_78' title='bbox 1589 1123 1649 1170; x_wconf 88' lang='lat' dir='ltr'><strong>de</strong></span> <span class='ocrx_word' id='word_1_79' title='bbox 1667 1123 1843 1183; x_wconf 77' lang='lat' dir='ltr'><strong>causiS,</strong></span> 
     </span>
     <span class='ocr_line' id='line_1_12' title="bbox 437 1200 1847 1268; baseline -0.003 -18"><span class='ocrx_word' id='word_1_80' title='bbox 437 1203 593 1265; x_wconf 87' lang='lat' dir='ltr'><strong>gladio</strong></span> <span class='ocrx_word' id='word_1_81' title='bbox 640 1213 709 1251; x_wconf 89' lang='lat' dir='ltr'><strong>est</strong></span> <span class='ocrx_word' id='word_1_82' title='bbox 749 1213 1036 1268; x_wconf 86' lang='lat' dir='ltr'><strong>peremptus.</strong></span> <span class='ocrx_word' id='word_1_83' title='bbox 1080 1204 1278 1250; x_wconf 87' lang='lat' dir='ltr'><strong>Sanctus</strong></span> <span class='ocrx_word' id='word_1_84' title='bbox 1323 1217 1437 1247; x_wconf 87' lang='lat' dir='ltr'><strong>vero</strong></span> <span class='ocrx_word' id='word_1_85' title='bbox 1477 1200 1695 1247; x_wconf 87' lang='lat' dir='ltr'><strong>Friardus</strong></span> <span class='ocrx_word' id='word_1_86' title='bbox 1737 1216 1847 1248; x_wconf 86' lang='lat' dir='ltr'><strong>cum</strong></span> 
     </span>
     <span class='ocr_line' id='line_1_13' title="bbox 437 1276 1845 1343; baseline -0.002 -17"><span class='ocrx_word' id='word_1_87' title='bbox 437 1279 719 1326; x_wconf 88' lang='lat' dir='ltr'><strong>Secundello</strong></span> <span class='ocrx_word' id='word_1_88' title='bbox 741 1279 946 1327; x_wconf 86' lang='lat' dir='ltr'><strong>diacono</strong></span> <span class='ocrx_word' id='word_1_89' title='bbox 970 1279 1019 1325; x_wconf 91' lang='lat' dir='ltr'><strong>in</strong></span> <span class='ocrx_word' id='word_1_90' title='bbox 1042 1278 1308 1343; x_wconf 85' lang='lat' dir='ltr'><strong>supradicta</strong></span> <span class='ocrx_word' id='word_1_91' title='bbox 1337 1276 1489 1323; x_wconf 88' lang='lat' dir='ltr'><strong>insula</strong></span> <span class='ocrx_word' id='word_1_92' title='bbox 1519 1279 1644 1323; x_wconf 90' lang='lat' dir='ltr'><strong>stetit</strong></span> <span class='ocrx_word' id='word_1_93' title='bbox 1669 1277 1845 1324; x_wconf 90' lang='lat' dir='ltr'><strong>immo-</strong></span> 
     </span>
     <span class='ocr_line' id='line_1_14' title="bbox 436 1354 1849 1420; baseline -0.001 -18"><span class='ocrx_word' id='word_1_94' title='bbox 436 1356 559 1404; x_wconf 82' lang='lat' dir='ltr'><strong>bilis.</strong></span> <span class='ocrx_word' id='word_1_95' title='bbox 586 1357 800 1405; x_wconf 85' lang='lat' dir='ltr'><strong>Habebat</strong></span> <span class='ocrx_word' id='word_1_96' title='bbox 829 1368 988 1405; x_wconf 89' lang='lat' dir='ltr'><strong>tamen</strong></span> <span class='ocrx_word' id='word_1_97' title='bbox 1015 1366 1213 1420; x_wconf 87' lang='lat' dir='ltr'><strong>uterque</strong></span> <span class='ocrx_word' id='word_1_98' title='bbox 1235 1371 1403 1402; x_wconf 87' lang='lat' dir='ltr'><strong>eorum</strong></span> <span class='ocrx_word' id='word_1_99' title='bbox 1432 1355 1674 1420; x_wconf 84' lang='lat' dir='ltr'><strong>propriam</strong></span> <span class='ocrx_word' id='word_1_100' title='bbox 1700 1354 1849 1402; x_wconf 83' lang='lat' dir='ltr'><strong>cellu-</strong></span> 
     </span>
     <span class='ocr_line' id='line_1_15' title="bbox 436 1432 1849 1501; baseline -0.001 -22"><span class='ocrx_word' id='word_1_101' title='bbox 436 1434 549 1492; x_wconf 85' lang='lat' dir='ltr'><strong>lam,</strong></span> <span class='ocrx_word' id='word_1_102' title='bbox 573 1434 655 1481; x_wconf 87' lang='lat' dir='ltr'><strong>sed</strong></span> <span class='ocrx_word' id='word_1_103' title='bbox 675 1435 842 1501; x_wconf 87' lang='lat' dir='ltr'><strong>procul</strong></span> <span class='ocrx_word' id='word_1_104' title='bbox 865 1451 890 1481; x_wconf 91' lang='lat' dir='ltr'><strong>a</strong></span> <span class='ocrx_word' id='word_1_105' title='bbox 914 1450 964 1481; x_wconf 90' lang='lat' dir='ltr'><strong>se</strong></span> <span class='ocrx_word' id='word_1_106' title='bbox 984 1435 1204 1500; x_wconf 89' lang='lat' dir='ltr'><strong>positam.</strong></span> <span class='ocrx_word' id='word_1_107' title='bbox 1230 1435 1443 1495; x_wconf 91' lang='lat' dir='ltr'><strong>Cumque</strong></span> <span class='ocrx_word' id='word_1_108' title='bbox 1466 1442 1655 1478; x_wconf 86' lang='lat' dir='ltr'><strong>strenue</strong></span> <span class='ocrx_word' id='word_1_109' title='bbox 1673 1432 1722 1477; x_wconf 91' lang='lat' dir='ltr'><strong>in</strong></span> <span class='ocrx_word' id='word_1_110' title='bbox 1747 1447 1849 1478; x_wconf 88' lang='lat' dir='ltr'><strong>ora-</strong></span> 
     </span>
     <span class='ocr_line' id='line_1_16' title="bbox 438 1508 1849 1575; baseline -0.002 -19"><span class='ocrx_word' id='word_1_111' title='bbox 438 1511 566 1557; x_wconf 87' lang='lat' dir='ltr'><strong>tione</strong></span> <span class='ocrx_word' id='word_1_112' title='bbox 589 1512 911 1575; x_wconf 83' lang='lat' dir='ltr'><strong>persisterent,</strong></span> <span class='ocrx_word' id='word_1_113' title='bbox 939 1520 1078 1557; x_wconf 91' lang='lat' dir='ltr'><strong>nocte</strong></span> <span class='ocrx_word' id='word_1_114' title='bbox 1099 1508 1383 1558; x_wconf 89' lang='lat' dir='ltr'><strong>Secundello</strong></span> <span class='ocrx_word' id='word_1_115' title='bbox 1407 1509 1610 1556; x_wconf 91' lang='lat' dir='ltr'><strong>diacono</strong></span> <span class='ocrx_word' id='word_1_116' title='bbox 1631 1508 1849 1573; x_wconf 88' lang='lat' dir='ltr'><strong>apparuit</strong></span> 
     </span>
     <span class='ocr_line' id='line_1_17' title="bbox 439 1586 1844 1653; baseline -0.001 -19"><span class='ocrx_word' id='word_1_117' title='bbox 439 1597 643 1635; x_wconf 88' lang='lat' dir='ltr'><strong>tentator</strong></span> <span class='ocrx_word' id='word_1_118' title='bbox 655 1589 703 1636; x_wconf 88' lang='lat' dir='ltr'><strong>iu</strong></span> <span class='ocrx_word' id='word_1_119' title='bbox 719 1590 874 1653; x_wconf 86' lang='lat' dir='ltr'><strong>specie</strong></span> <span class='ocrx_word' id='word_1_120' title='bbox 891 1589 1101 1643; x_wconf 83' lang='lat' dir='ltr'><strong>Domini,</strong></span> <span class='ocrx_word' id='word_1_121' title='bbox 1125 1588 1287 1635; x_wconf 89' lang='lat' dir='ltr'><strong>dicens</strong></span> <span class='ocrx_word' id='word_1_122' title='bbox 1305 1605 1315 1632; x_wconf 75' lang='grc' dir='ltr'><strong><em>ε</em></strong></span> <span class='ocrx_word' id='word_1_123' title='bbox 1338 1606 1360 1632; x_wconf 89' lang='lat'>«</span> <span class='ocrx_word' id='word_1_124' title='bbox 1379 1589 1479 1650; x_wconf 88' lang='lat' dir='ltr'><strong>Ego</strong></span> <span class='ocrx_word' id='word_1_125' title='bbox 1494 1603 1598 1633; x_wconf 92' lang='lat' dir='ltr'><strong>sum</strong></span> <span class='ocrx_word' id='word_1_126' title='bbox 1613 1586 1844 1643; x_wconf 82' lang='lat' dir='ltr'><strong>Christus,</strong></span> 
     </span>
     <span class='ocr_line' id='line_1_18' title="bbox 437 1663 1850 1733; baseline -0.001 -21"><span class='ocrx_word' id='word_1_127' title='bbox 437 1683 579 1730; x_wconf 84' lang='lat' dir='ltr'><strong>quem</strong></span> <span class='ocrx_word' id='word_1_128' title='bbox 613 1667 825 1731; x_wconf 90' lang='lat' dir='ltr'><strong>quotidie</strong></span> <span class='ocrx_word' id='word_1_129' title='bbox 853 1666 1138 1733; x_wconf 86' lang='lat' dir='ltr'><strong>deprecaris.</strong></span> <span class='ocrx_word' id='word_1_130' title='bbox 1171 1669 1275 1713; x_wconf 83' lang='lat' dir='ltr'><strong>Jam</strong></span> <span class='ocrx_word' id='word_1_131' title='bbox 1299 1666 1424 1712; x_wconf 88' lang='lat' dir='ltr'><strong>enim</strong></span> <span class='ocrx_word' id='word_1_132' title='bbox 1448 1673 1636 1711; x_wconf 86' lang='lat' dir='ltr'><strong>sanctus</strong></span> <span class='ocrx_word' id='word_1_133' title='bbox 1655 1663 1850 1710; x_wconf 77' lang='lat' dir='ltr'><strong>effectus</strong></span> 
     </span>
     <span class='ocr_line' id='line_1_19' title="bbox 439 1741 1851 1810; baseline -0.002 -21"><span class='ocrx_word' id='word_1_134' title='bbox 439 1760 512 1800; x_wconf 91' lang='lat' dir='ltr'><strong>es,</strong></span> <span class='ocrx_word' id='word_1_135' title='bbox 552 1750 598 1790; x_wconf 88' lang='lat' dir='ltr'><strong>et</strong></span> <span class='ocrx_word' id='word_1_136' title='bbox 629 1760 805 1791; x_wconf 88' lang='lat' dir='ltr'><strong>nomen</strong></span> <span class='ocrx_word' id='word_1_137' title='bbox 841 1754 976 1791; x_wconf 91' lang='lat' dir='ltr'><strong>tuum</strong></span> <span class='ocrx_word' id='word_1_138' title='bbox 1009 1743 1132 1790; x_wconf 89' lang='lat' dir='ltr'><strong>libro</strong></span> <span class='ocrx_word' id='word_1_139' title='bbox 1170 1744 1274 1790; x_wconf 89' lang='lat' dir='ltr'><strong>vitae</strong></span> <span class='ocrx_word' id='word_1_140' title='bbox 1309 1759 1419 1789; x_wconf 88' lang='lat' dir='ltr'><strong>cum</strong></span> <span class='ocrx_word' id='word_1_141' title='bbox 1456 1741 1647 1809; x_wconf 85' lang='lat' dir='ltr'><strong>reliquis</strong></span> <span class='ocrx_word' id='word_1_142' title='bbox 1679 1741 1851 1810; x_wconf 76' lang='lat' dir='ltr'><strong>sanctis</strong></span> 
     </span>
     <span class='ocr_line' id='line_1_20' title="bbox 438 1817 1847 1887; baseline 0 -21"><span class='ocrx_word' id='word_1_143' title='bbox 438 1821 552 1867; x_wconf 90' lang='lat' dir='ltr'><strong>meis</strong></span> <span class='ocrx_word' id='word_1_144' title='bbox 577 1821 770 1887; x_wconf 85' lang='lat' dir='ltr'><strong>ascripsi</strong></span> <span class='ocrx_word' id='word_1_145' title='bbox 798 1839 807 1866; x_wconf 95' lang='lat'>:</span> <span class='ocrx_word' id='word_1_146' title='bbox 835 1821 1056 1885; x_wconf 86' lang='lat' dir='ltr'><strong>egredere</strong></span> <span class='ocrx_word' id='word_1_147' title='bbox 1092 1837 1220 1869; x_wconf 89' lang='lat' dir='ltr'><strong>nunc</strong></span> <span class='ocrx_word' id='word_1_148' title='bbox 1250 1819 1309 1867; x_wconf 92' lang='lat' dir='ltr'><strong>ab</strong></span> <span class='ocrx_word' id='word_1_149' title='bbox 1342 1819 1433 1866; x_wconf 88' lang='lat' dir='ltr'><strong>hac</strong></span> <span class='ocrx_word' id='word_1_150' title='bbox 1456 1819 1608 1867; x_wconf 88' lang='lat' dir='ltr'><strong>insula</strong></span> <span class='ocrx_word' id='word_1_151' title='bbox 1631 1828 1677 1866; x_wconf 91' lang='lat' dir='ltr'><strong>et</strong></span> <span class='ocrx_word' id='word_1_152' title='bbox 1702 1817 1847 1875; x_wconf 86' lang='lat' dir='ltr'><strong>vade,</strong></span> 
     </span>
     <span class='ocr_line' id='line_1_21' title="bbox 440 1895 1851 1964; baseline -0.001 -21"><span class='ocrx_word' id='word_1_153' title='bbox 440 1896 511 1944; x_wconf 81' lang='lat' dir='ltr'><strong>fac</strong></span> <span class='ocrx_word' id='word_1_154' title='bbox 533 1897 753 1944; x_wconf 84' lang='lat' dir='ltr'><strong>sanitates</strong></span> <span class='ocrx_word' id='word_1_155' title='bbox 775 1898 822 1946; x_wconf 90' lang='lat' dir='ltr'><strong>in</strong></span> <span class='ocrx_word' id='word_1_156' title='bbox 848 1897 1067 1964; x_wconf 88' lang='lat' dir='ltr'><strong>populos.</strong></span> <span class='ocrx_word' id='word_1_157' title='bbox 1093 1917 1115 1942; x_wconf 89' lang='lat'>»</span> <span class='ocrx_word' id='word_1_158' title='bbox 1135 1897 1216 1943; x_wconf 91' lang='lat' dir='ltr'><strong>His</strong></span> <span class='ocrx_word' id='word_1_159' title='bbox 1238 1907 1285 1943; x_wconf 92' lang='lat' dir='ltr'><strong>et</strong></span> <span class='ocrx_word' id='word_1_160' title='bbox 1311 1895 1388 1943; x_wconf 93' lang='lat' dir='ltr'><strong>ille</strong></span> <span class='ocrx_word' id='word_1_161' title='bbox 1407 1895 1590 1944; x_wconf 87' lang='lat' dir='ltr'><strong>illectus</strong></span> <span class='ocrx_word' id='word_1_162' title='bbox 1610 1895 1851 1960; x_wconf 86' lang='lat' dir='ltr'><strong>deceptio-</strong></span> 
     </span>
     <span class='ocr_line' id='line_1_22' title="bbox 440 1964 1847 2034; baseline 0 -15"><span class='ocrx_word' id='word_1_163' title='bbox 440 1973 581 2020; x_wconf 90' lang='lat' dir='ltr'><strong>nibus</strong></span> <span class='ocrx_word' id='word_1_164' title='bbox 606 1974 815 2021; x_wconf 89' lang='lat' dir='ltr'><strong>discessit</strong></span> <span class='ocrx_word' id='word_1_165' title='bbox 836 1974 896 2021; x_wconf 87' lang='lat' dir='ltr'><strong>ab</strong></span> <span class='ocrx_word' id='word_1_166' title='bbox 920 1974 1090 2034; x_wconf 84' lang='lat' dir='ltr'><strong>insula,</strong></span> <span class='ocrx_word' id='word_1_167' title='bbox 1123 1990 1211 2020; x_wconf 91' lang='lat' dir='ltr'><strong>nec</strong></span> <span class='ocrx_word' id='word_1_168' title='bbox 1236 1973 1367 2020; x_wconf 89' lang='lat' dir='ltr'><strong>socio</strong></span> <span class='ocrx_word' id='word_1_169' title='bbox 1394 1973 1628 2022; x_wconf 84' lang='lat' dir='ltr'><strong>nuntiavit</strong></span> <span class='ocrx_word' id='word_1_170' title='bbox 1650 1990 1659 2017; x_wconf 96' lang='lat'><strong>:</strong></span> <span class='ocrx_word' id='word_1_171' title='bbox 1690 1964 1847 2019; x_wconf 43' lang='lat' dir='ltr'><strong>tam‘en</strong></span> 
     </span>
     <span class='ocr_line' id='line_1_23' title="bbox 440 2049 1843 2114; baseline 0.001 -20"><span class='ocrx_word' id='word_1_172' title='bbox 440 2065 551 2095; x_wconf 89' lang='lat' dir='ltr'><strong>cum</strong></span> <span class='ocrx_word' id='word_1_173' title='bbox 586 2049 784 2097; x_wconf 83' lang='lat' dir='ltr'><strong>infirmis</strong></span> <span class='ocrx_word' id='word_1_174' title='bbox 822 2050 870 2096; x_wconf 92' lang='lat' dir='ltr'><strong>in</strong></span> <span class='ocrx_word' id='word_1_175' title='bbox 909 2050 1102 2099; x_wconf 87' lang='lat' dir='ltr'><strong>nomine</strong></span> <span class='ocrx_word' id='word_1_176' title='bbox 1137 2049 1308 2098; x_wconf 84' lang='lat' dir='ltr'><strong>Christi</strong></span> <span class='ocrx_word' id='word_1_177' title='bbox 1347 2065 1514 2096; x_wconf 90' lang='lat' dir='ltr'><strong>manus</strong></span> <span class='ocrx_word' id='word_1_178' title='bbox 1547 2049 1843 2114; x_wconf 88' lang='lat' dir='ltr'><strong>imponeret,</strong></span> 
     </span>
     <span class='ocr_line' id='line_1_24' title="bbox 439 2124 1845 2191; baseline 0.001 -21"><span class='ocrx_word' id='word_1_179' title='bbox 439 2124 744 2174; x_wconf 89' lang='lat' dir='ltr'><strong>sanabantur.</strong></span> <span class='ocrx_word' id='word_1_180' title='bbox 768 2128 1018 2190; x_wconf 84' lang='lat' dir='ltr'><strong>Regressus</strong></span> <span class='ocrx_word' id='word_1_181' title='bbox 1039 2135 1197 2173; x_wconf 88' lang='lat' dir='ltr'><strong>autem</strong></span> <span class='ocrx_word' id='word_1_182' title='bbox 1219 2134 1326 2191; x_wconf 91' lang='lat' dir='ltr'><strong>post</strong></span> <span class='ocrx_word' id='word_1_183' title='bbox 1348 2125 1551 2173; x_wconf 83' lang='lat' dir='ltr'><strong>multum</strong></span> <span class='ocrx_word' id='word_1_184' title='bbox 1573 2134 1760 2190; x_wconf 88' lang='lat' dir='ltr'><strong>tempus</strong></span> <span class='ocrx_word' id='word_1_185' title='bbox 1785 2124 1845 2174; x_wconf 88' lang='lat' dir='ltr'><strong>ad</strong></span> 
     </span>
     <span class='ocr_line' id='line_1_25' title="bbox 438 2201 1842 2265; baseline 0.001 -17"><span class='ocrx_word' id='word_1_186' title='bbox 438 2201 667 2261; x_wconf 87' lang='lat' dir='ltr'><strong>insulam,</strong></span> <span class='ocrx_word' id='word_1_187' title='bbox 698 2203 826 2250; x_wconf 91' lang='lat' dir='ltr'><strong>venit</strong></span> <span class='ocrx_word' id='word_1_188' title='bbox 857 2203 918 2253; x_wconf 92' lang='lat' dir='ltr'><strong>ad</strong></span> <span class='ocrx_word' id='word_1_189' title='bbox 949 2203 1131 2251; x_wconf 89' lang='lat' dir='ltr'><strong>socium</strong></span> <span class='ocrx_word' id='word_1_190' title='bbox 1162 2219 1272 2250; x_wconf 90' lang='lat' dir='ltr'><strong>cum</strong></span> <span class='ocrx_word' id='word_1_191' title='bbox 1297 2219 1421 2251; x_wconf 85' lang='lat' dir='ltr'><strong>vana</strong></span> <span class='ocrx_word' id='word_1_192' title='bbox 1444 2202 1616 2265; x_wconf 89' lang='lat' dir='ltr'><strong>gloria,</strong></span> <span class='ocrx_word' id='word_1_193' title='bbox 1645 2201 1842 2252; x_wconf 86' lang='lat' dir='ltr'><strong>dicens:</strong></span> 
     </span>
     <span class='ocr_line' id='line_1_26' title="bbox 444 2278 1846 2346; baseline -0.001 -19"><span class='ocrx_word' id='word_1_194' title='bbox 444 2299 466 2321; x_wconf 92' lang='lat'>«</span> <span class='ocrx_word' id='word_1_195' title='bbox 492 2278 596 2327; x_wconf 83' lang='lat' dir='ltr'><strong>Abii</strong></span> <span class='ocrx_word' id='word_1_196' title='bbox 626 2280 752 2328; x_wconf 91' lang='lat' dir='ltr'><strong>enim</strong></span> <span class='ocrx_word' id='word_1_197' title='bbox 785 2290 915 2328; x_wconf 86' lang='lat' dir='ltr'><strong>extra</strong></span> <span class='ocrx_word' id='word_1_198' title='bbox 942 2279 1169 2339; x_wconf 85' lang='lat' dir='ltr'><strong>insulam,</strong></span> <span class='ocrx_word' id='word_1_199' title='bbox 1205 2289 1249 2329; x_wconf 82' lang='lat' dir='ltr'><strong>et</strong></span> <span class='ocrx_word' id='word_1_200' title='bbox 1273 2280 1466 2329; x_wconf 86' lang='lat' dir='ltr'><strong>virtutes</strong></span> <span class='ocrx_word' id='word_1_201' title='bbox 1495 2279 1662 2327; x_wconf 88' lang='lat' dir='ltr'><strong>multas</strong></span> <span class='ocrx_word' id='word_1_202' title='bbox 1684 2279 1731 2326; x_wconf 89' lang='lat' dir='ltr'><strong>in</strong></span> <span class='ocrx_word' id='word_1_203' title='bbox 1755 2295 1846 2346; x_wconf 69' lang='lat' dir='ltr'><strong>pq-</strong></span> 
     </span>
     <span class='ocr_line' id='line_1_27' title="bbox 439 2355 1849 2422; baseline 0 -19"><span class='ocrx_word' id='word_1_204' title='bbox 439 2355 562 2420; x_wconf 89' lang='lat' dir='ltr'><strong>pulis</strong></span> <span class='ocrx_word' id='word_1_205' title='bbox 586 2356 690 2404; x_wconf 88' lang='lat' dir='ltr'><strong>feci.</strong></span> <span class='ocrx_word' id='word_1_206' title='bbox 710 2377 732 2400; x_wconf 89' lang='lat'>»</span> <span class='ocrx_word' id='word_1_207' title='bbox 762 2359 977 2422; x_wconf 88' lang='lat' dir='ltr'><strong>Cumque</strong></span> <span class='ocrx_word' id='word_1_208' title='bbox 999 2357 1280 2407; x_wconf 85' lang='lat' dir='ltr'><strong>conterritus</strong></span> <span class='ocrx_word' id='word_1_209' title='bbox 1303 2356 1380 2405; x_wconf 84' lang='lat' dir='ltr'><strong>ille</strong></span> <span class='ocrx_word' id='word_1_210' title='bbox 1403 2357 1710 2419; x_wconf 82' lang='lat' dir='ltr'><strong>interrogaret</strong></span> <span class='ocrx_word' id='word_1_211' title='bbox 1734 2355 1849 2419; x_wconf 77' lang='lat' dir='ltr'><strong>quid</strong></span> 
     </span>
     <span class='ocr_line' id='line_1_28' title="bbox 441 2432 1843 2500; baseline -0.001 -21"><span class='ocrx_word' id='word_1_212' title='bbox 441 2433 533 2481; x_wconf 87' lang='lat' dir='ltr'><strong>hoc</strong></span> <span class='ocrx_word' id='word_1_213' title='bbox 551 2433 641 2481; x_wconf 88' lang='lat' dir='ltr'><strong>sibi</strong></span> <span class='ocrx_word' id='word_1_214' title='bbox 659 2432 797 2485; x_wconf 85' lang='lat' dir='ltr'><strong>vellet</strong></span> <span class='ocrx_word' id='word_1_215' title='bbox 809 2472 820 2491; x_wconf 81' lang='lat'>‚</span> <span class='ocrx_word' id='word_1_216' title='bbox 843 2444 1012 2485; x_wconf 81' lang='lat' dir='ltr'><strong>cuncta</strong></span> <span class='ocrx_word' id='word_1_217' title='bbox 1033 2451 1136 2498; x_wconf 87' lang='lat' dir='ltr'><strong>quae</strong></span> <span class='ocrx_word' id='word_1_218' title='bbox 1153 2443 1358 2497; x_wconf 87' lang='lat' dir='ltr'><strong>gesserat</strong></span> <span class='ocrx_word' id='word_1_219' title='bbox 1373 2433 1646 2498; x_wconf 81' lang='lat' dir='ltr'><strong>simpliciter</strong></span> <span class='ocrx_word' id='word_1_220' title='bbox 1661 2432 1843 2500; x_wconf 71' lang='lat' dir='ltr'><strong>pandit.</strong></span> 
     </span>
     <span class='ocr_line' id='line_1_29' title="bbox 443 2509 1842 2575; baseline -0.001 -19"><span class='ocrx_word' id='word_1_221' title='bbox 443 2513 498 2556; x_wconf 86' lang='lat' dir='ltr'><strong>At</strong></span> <span class='ocrx_word' id='word_1_222' title='bbox 529 2511 687 2559; x_wconf 85' lang='lat' dir='ltr'><strong>senior</strong></span> <span class='ocrx_word' id='word_1_223' title='bbox 722 2511 1081 2575; x_wconf 70' lang='lat' dir='ltr'><strong>obstupescen5‚</strong></span> <span class='ocrx_word' id='word_1_224' title='bbox 1118 2510 1452 2574; x_wconf 83' lang='lat' dir='ltr'><strong>suspiransque</strong></span> <span class='ocrx_word' id='word_1_225' title='bbox 1483 2518 1530 2557; x_wconf 87' lang='lat' dir='ltr'><strong>et</strong></span> <span class='ocrx_word' id='word_1_226' title='bbox 1551 2509 1842 2571; x_wconf 84' lang='lat' dir='ltr'><strong>lacrymans,</strong></span> 
     </span>
     <span class='ocr_line' id='line_1_30' title="bbox 440 2584 1848 2651; baseline -0.001 -17"><span class='ocrx_word' id='word_1_227' title='bbox 440 2587 502 2634; x_wconf 87' lang='lat' dir='ltr'><strong>ait</strong></span> <span class='ocrx_word' id='word_1_228' title='bbox 524 2605 534 2634; x_wconf 90' lang='lat'>:</span> <span class='ocrx_word' id='word_1_229' title='bbox 559 2607 581 2632; x_wconf 73' lang='lat' dir='ltr'><strong>a</strong></span> <span class='ocrx_word' id='word_1_230' title='bbox 601 2591 679 2635; x_wconf 88' lang='lat' dir='ltr'><strong>Vae</strong></span> <span class='ocrx_word' id='word_1_231' title='bbox 701 2588 858 2648; x_wconf 85' lang='lat' dir='ltr'><strong>nobis,</strong></span> <span class='ocrx_word' id='word_1_232' title='bbox 884 2589 930 2638; x_wconf 84' lang='lat' dir='ltr'><strong>in</strong></span> <span class='ocrx_word' id='word_1_233' title='bbox 949 2598 1182 2651; x_wconf 84' lang='lat' dir='ltr'><strong>quantum</strong></span> <span class='ocrx_word' id='word_1_234' title='bbox 1199 2587 1343 2635; x_wconf 87' lang='lat' dir='ltr'><strong>audio</strong></span> <span class='ocrx_word' id='word_1_235' title='bbox 1360 2603 1388 2634; x_wconf 87' lang='lat' dir='ltr'><strong>a</strong></span> <span class='ocrx_word' id='word_1_236' title='bbox 1404 2595 1636 2637; x_wconf 83' lang='lat' dir='ltr'><strong>tentatore</strong></span> <span class='ocrx_word' id='word_1_237' title='bbox 1656 2584 1848 2634; x_wconf 88' lang='lat' dir='ltr'><strong>delusus</strong></span> 
     </span>
     <span class='ocr_line' id='line_1_31' title="bbox 441 2662 1850 2730; baseline 0 -21"><span class='ocrx_word' id='word_1_238' title='bbox 441 2662 514 2710; x_wconf 88' lang='lat' dir='ltr'><strong>es!</strong></span> <span class='ocrx_word' id='word_1_239' title='bbox 545 2664 696 2723; x_wconf 86' lang='lat' dir='ltr'><strong>Vade,</strong></span> <span class='ocrx_word' id='word_1_240' title='bbox 726 2682 811 2729; x_wconf 88' lang='lat' dir='ltr'><strong>age</strong></span> <span class='ocrx_word' id='word_1_241' title='bbox 832 2665 1180 2730; x_wconf 80' lang='lat' dir='ltr'><strong>poenitentiam,</strong></span> <span class='ocrx_word' id='word_1_242' title='bbox 1207 2680 1268 2712; x_wconf 84' lang='lat' dir='ltr'><strong>ne</strong></span> <span class='ocrx_word' id='word_1_243' title='bbox 1300 2663 1420 2711; x_wconf 87' lang='lat' dir='ltr'><strong>ultra</strong></span> <span class='ocrx_word' id='word_1_244' title='bbox 1448 2662 1533 2710; x_wconf 83' lang='lat' dir='ltr'><strong>tibi</strong></span> <span class='ocrx_word' id='word_1_245' title='bbox 1565 2662 1850 2727; x_wconf 82' lang='lat' dir='ltr'><strong>praevaleant</strong></span> 
     </span>
     <span class='ocr_line' id='line_1_32' title="bbox 443 2740 1842 2805; baseline -0.001 -18"><span class='ocrx_word' id='word_1_246' title='bbox 443 2741 543 2803; x_wconf 82' lang='lat' dir='ltr'><strong>ejus</strong></span> <span class='ocrx_word' id='word_1_247' title='bbox 565 2741 679 2789; x_wconf 92' lang='lat' dir='ltr'><strong>doli.</strong></span> <span class='ocrx_word' id='word_1_248' title='bbox 704 2761 727 2787; x_wconf 73' lang='grc' dir='ltr'><strong>υ</strong></span> <span class='ocrx_word' id='word_1_249' title='bbox 748 2743 894 2800; x_wconf 90' lang='lat' dir='ltr'><strong>Quod</strong></span> <span class='ocrx_word' id='word_1_250' title='bbox 915 2742 992 2790; x_wconf 87' lang='lat' dir='ltr'><strong>ille</strong></span> <span class='ocrx_word' id='word_1_251' title='bbox 1015 2741 1276 2805; x_wconf 87' lang='lat' dir='ltr'><strong>intelligens</strong></span> <span class='ocrx_word' id='word_1_252' title='bbox 1302 2749 1349 2787; x_wconf 91' lang='lat' dir='ltr'><strong>et</strong></span> <span class='ocrx_word' id='word_1_253' title='bbox 1376 2740 1569 2805; x_wconf 85' lang='lat' dir='ltr'><strong>periisse</strong></span> <span class='ocrx_word' id='word_1_254' title='bbox 1587 2756 1637 2787; x_wconf 85' lang='lat' dir='ltr'><strong>se</strong></span> <span class='ocrx_word' id='word_1_255' title='bbox 1654 2740 1842 2797; x_wconf 84' lang='lat' dir='ltr'><strong>timens,</strong></span> 
     </span>
     <span class='ocr_line' id='line_1_33' title="bbox 443 2818 1847 2884; baseline -0.001 -21"><span class='ocrx_word' id='word_1_256' title='bbox 443 2835 550 2864; x_wconf 82' lang='lat' dir='ltr'><strong>cum</strong></span> <span class='ocrx_word' id='word_1_257' title='bbox 585 2820 697 2866; x_wconf 85' lang='lat' dir='ltr'><strong>fletu</strong></span> <span class='ocrx_word' id='word_1_258' title='bbox 727 2820 787 2867; x_wconf 84' lang='lat' dir='ltr'><strong>ad</strong></span> <span class='ocrx_word' id='word_1_259' title='bbox 818 2820 962 2884; x_wconf 85' lang='lat' dir='ltr'><strong>pedes</strong></span> <span class='ocrx_word' id='word_1_260' title='bbox 986 2820 1086 2881; x_wconf 84' lang='lat' dir='ltr'><strong>ejus</strong></span> <span class='ocrx_word' id='word_1_261' title='bbox 1111 2818 1438 2883; x_wconf 82' lang='lat' dir='ltr'><strong>prosternitur,</strong></span> <span class='ocrx_word' id='word_1_262' title='bbox 1473 2833 1646 2880; x_wconf 82' lang='lat' dir='ltr'><strong>rogans</strong></span> <span class='ocrx_word' id='word_1_263' title='bbox 1678 2826 1728 2865; x_wconf 89' lang='lat' dir='ltr'><strong>ut</strong></span> <span class='ocrx_word' id='word_1_264' title='bbox 1758 2833 1847 2881; x_wconf 87' lang='lat' dir='ltr'><strong>pro</strong></span> 
     </span>
    </p>
   </div>
  </div>
 </body>
</html>
