2054 3450
414 339 489 375 342
930 333 1057 369 VITAE
1083 332 1303 370 PATRUM.

412 422 785 487 reprehendunt,
812 421 910 467 visa
928 437 1042 467 vero
1069 429 1294 483 tanquam
1320 419 1525 468 conficta
1546 420 1814 482 fastidiunt3

411 515 510 546 non
540 497 770 546 habentes
795 496 911 543 illud
948 497 997 542 in
1029 512 1114 543 sua
1138 494 1430 553 credulitate,
1461 496 1591 560 quod
1615 497 1818 544 Thomas

412 575 652 641 apostolus
688 574 895 638 gestabat
934 573 982 619 in
1017 572 1191 633 corde,
1229 572 1422 619 dicens:
1467 592 1488 617 «
1526 573 1621 620 Nisi
1656 574 1818 621 videro

412 671 511 701 non
546 652 797 700 credam.»
843 651 966 698 Beati
1003 650 1197 714 quidem
1234 650 1316 714 qui
1353 666 1450 696 non
1486 649 1737 712 viderunt,
1773 661 1821 699 et

411 730 730 779 crediderunt.
772 729 865 775 Sed
891 729 975 774 iste
1003 737 1055 774 ut
1081 726 1216 788 vidit,
1250 728 1404 773 statim
1437 726 1653 774 credidit.
1681 730 1816 787 Nam,

411 819 462 855 ut
487 809 707 867 diximus,
745 807 879 853 multi
917 805 1130 852 videntes
1159 820 1255 850 non
1301 803 1446 850 modo
1478 820 1576 850 non
1602 804 1820 864 credunt,

411 886 493 933 sed
529 895 576 931 et
599 883 829 930 derident.
862 882 996 930 Unde
1030 892 1076 928 et
1103 897 1190 944 ego
1214 881 1371 944 aliqua
1396 880 1456 927 de
1489 882 1632 928 sancti
1658 882 1824 929 Nicetii

410 961 641 1009 Treverici
670 959 925 1017 sacerdotis
948 957 1215 1018 virtutibus,
1245 957 1481 1016 virilitate,
1512 958 1822 1020 magnanimi-

411 1048 531 1097 tate,
569 1037 811 1085 sanctitate
849 1037 1132 1100 scripturus,
1169 1034 1452 1100 reprehendi
1492 1034 1553 1082 ab
1589 1034 1823 1099 aliquibus

412 1131 597 1174 vereor,
627 1112 894 1160 dicentibus
921 1112 1038 1159 mihi
1069 1131 1080 1158 :
1115 1133 1136 1155 «
1165 1115 1234 1158 Tu
1260 1129 1370 1159 cum
1405 1112 1465 1158 sis
1485 1112 1664 1175 junior,
1700 1128 1821 1176 quo-

412 1191 559 1239 modo
597 1191 838 1238 seniorum
874 1198 1001 1252 gesta
1038 1189 1212 1254 poteris
1252 1189 1400 1235 scire?
1440 1188 1640 1252 qualiter
1675 1188 1736 1236 ad
1778 1198 1826 1236 te

412 1284 579 1315 eorum
604 1267 723 1314 facta
745 1266 1012 1313 venerunt?
1036 1269 1215 1330 Nempe
1235 1281 1333 1311 non
1359 1264 1488 1320 aliud
1512 1266 1598 1311 nisi
1620 1264 1825 1313 conficta

412 1361 440 1392 a
474 1355 521 1391 te
545 1344 645 1391 haec
683 1360 787 1408 quae
825 1343 997 1408 scripta
1031 1351 1141 1389 sunt
1179 1342 1515 1388 decernuntur.
1558 1362 1580 1384 »
1625 1333 1730 1399 Qua
1765 1341 1825 1388 de

413 1437 552 1468 causa
571 1421 821 1467 relatorem
843 1419 984 1482 hujus
1007 1419 1163 1483 operis
1188 1418 1236 1464 in
1258 1417 1416 1464 medio
1434 1433 1613 1481 ponere
1635 1433 1825 1465 necesse

413 1506 498 1552 est,
538 1507 591 1543 ut
615 1496 666 1542 hi
697 1497 780 1560 qui
806 1496 988 1542 veritati
1013 1495 1243 1558 derogant
1268 1494 1639 1541 confundantur.
1670 1497 1823 1541 Nove-

414 1574 508 1619 rint
530 1573 672 1635 igitur
696 1589 724 1619 a
748 1572 889 1619 beato
927 1571 1100 1618 Aredio
1133 1570 1306 1618 abbate
1331 1570 1460 1617 urbis
1494 1571 1822 1633 Lemovicinae,

415 1649 496 1711 qui
534 1647 594 1695 ab
631 1649 734 1713 ipso
769 1648 947 1694 Nicetio
990 1647 1195 1694 antistite
1231 1647 1460 1693 enutritus
1503 1656 1549 1693 et
1583 1646 1827 1694 clericatus

415 1725 633 1771 ordinem
663 1725 852 1771 sortitus
882 1734 951 1771 est
965 1759 979 1782 ,
1018 1723 1118 1770 haec
1144 1740 1247 1788 quae
1273 1722 1481 1786 subjecta
1509 1732 1619 1769 sunt
1645 1739 1722 1770 me
1748 1739 1824 1769 au·

415 1801 536 1848 disse
565 1820 575 1848 :
606 1818 752 1865 quem
787 1802 835 1848 in
871 1801 966 1847 hoc
1006 1817 1102 1847 non
1137 1800 1281 1847 credo
1318 1799 1551 1861 fefellisse,
1596 1816 1706 1846 cum
1741 1817 1826 1864 per

416 1894 527 1924 eum
566 1881 692 1926 Deus
718 1895 776 1925 eo
803 1888 1034 1943 tempore,
1075 1877 1269 1942 quando
1306 1876 1422 1923 mihi
1447 1877 1533 1923 ista
1567 1876 1739 1938 retulit,
1781 1885 1826 1923 et

417 1971 649 2001 caecorum
693 1954 857 2002 oculos
899 1954 1204 2012 illuminavit,
1235 1963 1280 2000 et
1317 1953 1582 2017 paralyticis
1616 1969 1824 2016 gressum

417 2031 654 2095 praestitit,
699 2041 746 2077 et
783 2046 1126 2093 energumenos
1175 2029 1332 2094 ejectis
1372 2029 1668 2075 daemonibus
1703 2045 1826 2077 sanae

420 2107 564 2152 menti
601 2107 817 2153 restituit.
858 2110 952 2153 Nec
989 2106 1282 2153 credendum
1326 2115 1395 2151 est
1436 2121 1546 2151 eum
1592 2105 1826 2153 mendacii

418 2183 546 2230 nube
564 2183 840 2230 obumbrari
860 2200 1012 2248 posse,
1030 2199 1170 2247 quem
1185 2185 1312 2228 Deus
1331 2183 1498 2246 saepius
1520 2181 1580 2229 ab
1600 2182 1826 2229 imbrium

418 2260 546 2306 nube
583 2259 825 2306 obtectum
859 2260 924 2306 ita
951 2259 1178 2324 protexit,
1222 2268 1270 2305 ut
1306 2257 1496 2305 imbutis
1530 2259 1685 2318 sociis,
1728 2261 1827 2324 ipsc

420 2336 547 2383 nulla
571 2336 798 2384 stillarum
824 2336 1094 2383 cadentium
1129 2335 1363 2382 infusione
1394 2335 1699 2383 madesceret.
1729 2340 1828 2384 De-

419 2412 566 2476 nique
591 2413 629 2459 si
659 2413 719 2460 de
744 2412 826 2458 tali
860 2411 1060 2459 relatore
1091 2410 1350 2470 dubitatur,
1386 2411 1445 2457 de
1470 2411 1710 2459 beneficiis
1740 2413 1826 2460 Dei

419 2487 663 2536 diffiditur.
694 2487 858 2536 Aiebat
883 2505 994 2551 ergo
1030 2498 1316 2535 memoratus
1347 2487 1565 2535 sacerdos
1599 2485 1659 2536 de
1691 2499 1823 2537 ante-

420 2564 546 2611 dicto
567 2566 801 2612 antistite:
836 2584 858 2609 «
878 2565 1021 2611 Multa
1044 2564 1253 2627 quidem,
1284 2564 1550 2611 dulcissime
1582 2565 1736 2626 frater,
1765 2565 1826 2612 de

421 2652 583 2689 sancto
604 2644 785 2689 Nicetio
804 2642 1044 2699 bonorum
1062 2642 1271 2688 virorum
1293 2641 1564 2687 testimonio
1588 2640 1826 2705 divulgata

421 2719 643 2780 cognovi,
672 2719 754 2765 sed
788 2719 926 2783 plura
964 2719 1080 2765 meis
1114 2717 1262 2764 oculis
1292 2717 1496 2782 propriis
1526 2718 1724 2781 inspexi,
1752 2717 1826 2764 vel

422 2793 563 2838 etiam
585 2793 646 2840 ab
677 2811 734 2841 eo
776 2795 851 2840 vix
887 2794 1037 2841 elicita
1068 2794 1289 2858 cognovi.
1341 2797 1394 2839 Et
1426 2810 1535 2840 cum
1560 2794 1677 2840 mihi
1701 2810 1825 2858 quae-
