<?xml version="1.0" encoding="UTF-8"?>
<!DOCTYPE html PUBLIC "-//W3C//DTD XHTML 1.0 Transitional//EN"
    "http://www.w3.org/TR/xhtml1/DTD/xhtml1-transitional.dtd">
<html xmlns="http://www.w3.org/1999/xhtml" xml:lang="en" lang="en">
 <head>
  <title>
</title>
<meta http-equiv="Content-Type" content="text/html;charset=utf-8" />
  <meta name='ocr-system' content='tesseract 3.04.00' />
  <meta name='ocr-capabilities' content='ocr_page ocr_carea ocr_par ocr_line ocrx_word'/>
</head>
<body>
  <div class='ocr_page' id='page_1' title='image "./leslivresdesmira03greguoft_0344.png"; bbox 0 0 2054 3450; ppageno 0'>
   <div class='ocr_carea' id='block_1_1' title="bbox 453 383 1342 424">
    <p class='ocr_par' dir='ltr' id='par_1_1' title="bbox 453 383 1342 424">
     <span class='ocr_line' id='line_1_1' title="bbox 453 383 1342 424; baseline -0.002 -1"><span class='ocrx_word' id='word_1_1' title='bbox 453 387 527 424; x_wconf 65' lang='lat'><strong>328</strong></span> <span class='ocrx_word' id='word_1_2' title='bbox 967 383 1096 419; x_wconf 73' lang='lat' dir='ltr'><strong>VITAE</strong></span> <span class='ocrx_word' id='word_1_3' title='bbox 1122 384 1342 421; x_wconf 80' lang='lat' dir='ltr'>PATRUM.</span> 
     </span>
    </p>
   </div>
   <div class='ocr_carea' id='block_1_2' title="bbox 439 465 1859 2762">
    <p class='ocr_par' dir='ltr' id='par_1_2' title="bbox 439 465 1859 2531">
     <span class='ocr_line' id='line_1_2' title="bbox 450 465 1858 530; baseline -0.001 -17"><span class='ocrx_word' id='word_1_4' title='bbox 450 467 633 513; x_wconf 89' lang='lat' dir='ltr'><strong>valeant</strong></span> <span class='ocrx_word' id='word_1_5' title='bbox 658 465 964 529; x_wconf 72' lang='lat' dir='ltr'><strong>triumphare.</strong></span> <span class='ocrx_word' id='word_1_6' title='bbox 999 485 1021 507; x_wconf 84' lang='lat'>»</span> <span class='ocrx_word' id='word_1_7' title='bbox 1054 467 1160 510; x_wconf 86' lang='lat' dir='ltr'><strong>Haec</strong></span> <span class='ocrx_word' id='word_1_8' title='bbox 1193 473 1348 510; x_wconf 88' lang='lat' dir='ltr'><strong>autem</strong></span> <span class='ocrx_word' id='word_1_9' title='bbox 1380 481 1490 512; x_wconf 87' lang='lat' dir='ltr'><strong>cum</strong></span> <span class='ocrx_word' id='word_1_10' title='bbox 1515 465 1728 525; x_wconf 80' lang='lat' dir='ltr'><strong>dixisset,</strong></span> <span class='ocrx_word' id='word_1_11' title='bbox 1758 465 1858 530; x_wconf 86' lang='lat' dir='ltr'><strong>pal-</strong></span> 
     </span>
     <span class='ocr_line' id='line_1_3' title="bbox 449 541 1858 608; baseline -0.001 -19"><span class='ocrx_word' id='word_1_12' title='bbox 449 543 578 608; x_wconf 84' lang='lat' dir='ltr'>pavit</span> <span class='ocrx_word' id='word_1_13' title='bbox 604 558 797 588; x_wconf 90' lang='lat' dir='ltr'><strong>omnem</strong></span> <span class='ocrx_word' id='word_1_14' title='bbox 825 557 1105 606; x_wconf 84' lang='lat' dir='ltr'>compagem</span> <span class='ocrx_word' id='word_1_15' title='bbox 1140 542 1354 604; x_wconf 88' lang='lat' dir='ltr'><strong>corporis</strong></span> <span class='ocrx_word' id='word_1_16' title='bbox 1381 556 1574 599; x_wconf 87' lang='lat' dir='ltr'><strong>eorum,</strong></span> <span class='ocrx_word' id='word_1_17' title='bbox 1608 541 1858 605; x_wconf 82' lang='lat' dir='ltr'><strong>statimque</strong></span> 
     </span>
     <span class='ocr_line' id='line_1_4' title="bbox 447 618 1855 684; baseline -0.001 -17"><span class='ocrx_word' id='word_1_18' title='bbox 447 635 720 684; x_wconf 90' lang='lat' dir='ltr'><strong>compresso</strong></span> <span class='ocrx_word' id='word_1_19' title='bbox 743 629 945 679; x_wconf 88' lang='lat' dir='ltr'><strong>tumore,</strong></span> <span class='ocrx_word' id='word_1_20' title='bbox 984 619 1108 665; x_wconf 90' lang='lat' dir='ltr'><strong>virus</strong></span> <span class='ocrx_word' id='word_1_21' title='bbox 1131 618 1426 665; x_wconf 85' lang='lat' dir='ltr'><strong>mortiferum</strong></span> <span class='ocrx_word' id='word_1_22' title='bbox 1457 619 1660 667; x_wconf 88' lang='lat' dir='ltr'><strong>nocendi</strong></span> <span class='ocrx_word' id='word_1_23' title='bbox 1693 620 1855 684; x_wconf 92' lang='lat' dir='ltr'><strong>perdi-</strong></span> 
     </span>
     <span class='ocr_line' id='line_1_5' title="bbox 447 695 1856 755; baseline 0.001 -13"><span class='ocrx_word' id='word_1_24' title='bbox 447 695 516 743; x_wconf 87' lang='lat' dir='ltr'><strong>dit</strong></span> <span class='ocrx_word' id='word_1_25' title='bbox 539 697 676 743; x_wconf 84' lang='lat' dir='ltr'><strong>vires.</strong></span> <span class='ocrx_word' id='word_1_26' title='bbox 706 696 817 742; x_wconf 90' lang='lat' dir='ltr'><strong>Dies</strong></span> <span class='ocrx_word' id='word_1_27' title='bbox 842 695 1092 743; x_wconf 84' lang='lat' dir='ltr'><strong>dominicae</strong></span> <span class='ocrx_word' id='word_1_28' title='bbox 1132 695 1486 743; x_wconf 89' lang='lat' dir='ltr'><strong>resurrectionis</strong></span> <span class='ocrx_word' id='word_1_29' title='bbox 1514 695 1784 755; x_wconf 85' lang='lat' dir='ltr'><strong>advenerat,</strong></span> <span class='ocrx_word' id='word_1_30' title='bbox 1812 706 1856 743; x_wconf 88' lang='lat' dir='ltr'><strong>et</strong></span> 
     </span>
     <span class='ocr_line' id='line_1_6' title="bbox 447 771 1859 837; baseline -0.001 -18"><span class='ocrx_word' id='word_1_31' title='bbox 447 772 594 819; x_wconf 91' lang='lat' dir='ltr'><strong>homo</strong></span> <span class='ocrx_word' id='word_1_32' title='bbox 614 772 807 836; x_wconf 90' lang='lat' dir='ltr'><strong>quidam</strong></span> <span class='ocrx_word' id='word_1_33' title='bbox 828 772 944 819; x_wconf 90' lang='lat' dir='ltr'><strong>dum</strong></span> <span class='ocrx_word' id='word_1_34' title='bbox 968 772 1029 819; x_wconf 93' lang='lat' dir='ltr'><strong>ad</strong></span> <span class='ocrx_word' id='word_1_35' title='bbox 1054 771 1296 819; x_wconf 90' lang='lat' dir='ltr'><strong>ecclesiam</strong></span> <span class='ocrx_word' id='word_1_36' title='bbox 1320 782 1549 837; x_wconf 80' lang='lat' dir='ltr'><strong>pergeret,</strong></span> <span class='ocrx_word' id='word_1_37' title='bbox 1579 772 1697 818; x_wconf 90' lang='lat' dir='ltr'><strong>vidit</strong></span> <span class='ocrx_word' id='word_1_38' title='bbox 1718 789 1859 837; x_wconf 86' lang='lat' dir='ltr'><strong>peco-</strong></span> 
     </span>
     <span class='ocr_line' id='line_1_7' title="bbox 447 849 1858 916; baseline 0 -20"><span class='ocrx_word' id='word_1_39' title='bbox 447 866 553 896; x_wconf 89' lang='lat' dir='ltr'><strong>rum</strong></span> <span class='ocrx_word' id='word_1_40' title='bbox 581 849 932 896; x_wconf 87' lang='lat' dir='ltr'><strong>multitudinem</strong></span> <span class='ocrx_word' id='word_1_41' title='bbox 954 866 1087 896; x_wconf 90' lang='lat' dir='ltr'><strong>suam</strong></span> <span class='ocrx_word' id='word_1_42' title='bbox 1115 858 1321 916; x_wconf 77' lang='lat' dir='ltr'><strong>segetem</strong></span> <span class='ocrx_word' id='word_1_43' title='bbox 1347 849 1696 912; x_wconf 89' lang='lat' dir='ltr'><strong>depascentem,</strong></span> <span class='ocrx_word' id='word_1_44' title='bbox 1726 850 1858 912; x_wconf 86' lang='lat' dir='ltr'><strong>inge-</strong></span> 
     </span>
     <span class='ocr_line' id='line_1_8' title="bbox 445 924 1857 989; baseline 0 -17"><span class='ocrx_word' id='word_1_45' title='bbox 445 927 660 989; x_wconf 87' lang='lat' dir='ltr'><strong>muitque</strong></span> <span class='ocrx_word' id='word_1_46' title='bbox 687 935 734 971; x_wconf 90' lang='lat' dir='ltr'><strong>et</strong></span> <span class='ocrx_word' id='word_1_47' title='bbox 759 926 821 971; x_wconf 84' lang='lat' dir='ltr'><strong>ait</strong></span> <span class='ocrx_word' id='word_1_48' title='bbox 851 943 861 971; x_wconf 77' lang='lat' dir='ltr'><em>z</em></span> <span class='ocrx_word' id='word_1_49' title='bbox 895 945 918 969; x_wconf 85' lang='lat'>«</span> <span class='ocrx_word' id='word_1_50' title='bbox 948 928 1024 972; x_wconf 90' lang='lat' dir='ltr'><strong>Vae</strong></span> <span class='ocrx_word' id='word_1_51' title='bbox 1048 926 1192 984; x_wconf 80' lang='lat' dir='ltr'><strong>mihi,</strong></span> <span class='ocrx_word' id='word_1_52' title='bbox 1221 925 1332 989; x_wconf 87' lang='lat' dir='ltr'><strong>quia</strong></span> <span class='ocrx_word' id='word_1_53' title='bbox 1358 924 1575 972; x_wconf 89' lang='lat' dir='ltr'><strong>annualis</strong></span> <span class='ocrx_word' id='word_1_54' title='bbox 1600 926 1693 972; x_wconf 90' lang='lat' dir='ltr'><strong>mei</strong></span> <span class='ocrx_word' id='word_1_55' title='bbox 1718 925 1857 973; x_wconf 88' lang='lat' dir='ltr'><strong>labo-</strong></span> 
     </span>
     <span class='ocr_line' id='line_1_9' title="bbox 445 1002 1854 1067; baseline -0.001 -19"><span class='ocrx_word' id='word_1_56' title='bbox 445 1003 507 1048; x_wconf 87' lang='lat' dir='ltr'><strong>ris</strong></span> <span class='ocrx_word' id='word_1_57' title='bbox 530 1018 675 1067; x_wconf 88' lang='lat' dir='ltr'><strong>opera</strong></span> <span class='ocrx_word' id='word_1_58' title='bbox 690 1002 754 1049; x_wconf 90' lang='lat' dir='ltr'><strong>ita</strong></span> <span class='ocrx_word' id='word_1_59' title='bbox 768 1002 950 1066; x_wconf 90' lang='lat' dir='ltr'><strong>deperit</strong></span> <span class='ocrx_word' id='word_1_60' title='bbox 965 1002 1144 1049; x_wconf 88' lang='lat' dir='ltr'><strong>utnihil</strong></span> <span class='ocrx_word' id='word_1_61' title='bbox 1171 1019 1361 1066; x_wconf 90' lang='lat' dir='ltr'><strong>prorsus</strong></span> <span class='ocrx_word' id='word_1_62' title='bbox 1385 1018 1440 1048; x_wconf 86' lang='lat' dir='ltr'><strong>ex</strong></span> <span class='ocrx_word' id='word_1_63' title='bbox 1466 1018 1520 1048; x_wconf 91' lang='lat' dir='ltr'><strong>ea</strong></span> <span class='ocrx_word' id='word_1_64' title='bbox 1545 1012 1803 1061; x_wconf 88' lang='lat' dir='ltr'><strong>remaneat.</strong></span> <span class='ocrx_word' id='word_1_65' title='bbox 1832 1021 1854 1047; x_wconf 78' lang='grc' dir='ltr'><strong>υ</strong></span> 
     </span>
     <span class='ocr_line' id='line_1_10' title="bbox 447 1078 1858 1143; baseline -0.001 -17"><span class='ocrx_word' id='word_1_66' title='bbox 447 1082 502 1126; x_wconf 79' lang='lat' dir='ltr'><strong>Et</strong></span> <span class='ocrx_word' id='word_1_67' title='bbox 540 1089 730 1143; x_wconf 85' lang='lat' dir='ltr'><strong>accepta</strong></span> <span class='ocrx_word' id='word_1_68' title='bbox 772 1095 962 1136; x_wconf 88' lang='lat' dir='ltr'><strong>secure,</strong></span> <span class='ocrx_word' id='word_1_69' title='bbox 1003 1080 1254 1143; x_wconf 82' lang='lat' dir='ltr'><strong>amputatis</strong></span> <span class='ocrx_word' id='word_1_70' title='bbox 1297 1079 1464 1135; x_wconf 81' lang='lat' dir='ltr'><strong>ramiS,</strong></span> <span class='ocrx_word' id='word_1_71' title='bbox 1517 1078 1698 1125; x_wconf 90' lang='lat' dir='ltr'><strong>aditum</strong></span> <span class='ocrx_word' id='word_1_72' title='bbox 1735 1079 1858 1143; x_wconf 89' lang='lat' dir='ltr'><strong>sepis</strong></span> 
     </span>
     <span class='ocr_line' id='line_1_11' title="bbox 444 1156 1857 1221; baseline 0 -19"><span class='ocrx_word' id='word_1_73' title='bbox 444 1156 667 1203; x_wconf 80' lang='lat' dir='ltr'><strong>claudere</strong></span> <span class='ocrx_word' id='word_1_74' title='bbox 690 1158 832 1221; x_wconf 91' lang='lat' dir='ltr'><strong>coepit</strong></span> <span class='ocrx_word' id='word_1_75' title='bbox 853 1175 862 1202; x_wconf 74' lang='grc' dir='ltr'><strong>ε</strong></span> <span class='ocrx_word' id='word_1_76' title='bbox 892 1156 1236 1220; x_wconf 84' lang='lat' dir='ltr'><strong>confestimque</strong></span> <span class='ocrx_word' id='word_1_77' title='bbox 1261 1166 1502 1203; x_wconf 87' lang='lat' dir='ltr'><strong>contracta</strong></span> <span class='ocrx_word' id='word_1_78' title='bbox 1524 1171 1691 1203; x_wconf 88' lang='lat' dir='ltr'><strong>manus</strong></span> <span class='ocrx_word' id='word_1_79' title='bbox 1713 1156 1857 1203; x_wconf 89' lang='lat' dir='ltr'><strong>invita</strong></span> 
     </span>
     <span class='ocr_line' id='line_1_12' title="bbox 445 1231 1856 1296; baseline 0 -17"><span class='ocrx_word' id='word_1_80' title='bbox 445 1231 635 1279; x_wconf 83' lang='lat' dir='ltr'><strong>retinuit</strong></span> <span class='ocrx_word' id='word_1_81' title='bbox 661 1233 792 1296; x_wconf 90' lang='lat' dir='ltr'><strong>quod</strong></span> <span class='ocrx_word' id='word_1_82' title='bbox 824 1233 1088 1280; x_wconf 85' lang='lat' dir='ltr'><strong>voluntarie</strong></span> <span class='ocrx_word' id='word_1_83' title='bbox 1110 1233 1487 1296; x_wconf 83' lang='lat' dir='ltr'><strong>comprehendit.</strong></span> <span class='ocrx_word' id='word_1_84' title='bbox 1514 1231 1690 1280; x_wconf 89' lang='lat' dir='ltr'><strong>Dolore</strong></span> <span class='ocrx_word' id='word_1_85' title='bbox 1717 1232 1856 1280; x_wconf 88' lang='lat' dir='ltr'><strong>etiam</strong></span> 
     </span>
     <span class='ocr_line' id='line_1_13' title="bbox 443 1309 1853 1372; baseline 0 -17"><span class='ocrx_word' id='word_1_86' title='bbox 443 1309 692 1372; x_wconf 85' lang='lat' dir='ltr'><strong>instigante</strong></span> <span class='ocrx_word' id='word_1_87' title='bbox 723 1310 784 1356; x_wconf 88' lang='lat' dir='ltr'><strong>ad</strong></span> <span class='ocrx_word' id='word_1_88' title='bbox 810 1319 1025 1356; x_wconf 89' lang='lat' dir='ltr'><strong>sanctum</strong></span> <span class='ocrx_word' id='word_1_89' title='bbox 1059 1309 1377 1356; x_wconf 87' lang='lat' dir='ltr'><strong>confessorem</strong></span> <span class='ocrx_word' id='word_1_90' title='bbox 1416 1318 1610 1357; x_wconf 81' lang='lat' dir='ltr'><strong>moestus</strong></span> <span class='ocrx_word' id='word_1_91' title='bbox 1644 1310 1853 1366; x_wconf 90' lang='lat' dir='ltr'><strong>accessit,</strong></span> 
     </span>
     <span class='ocr_line' id='line_1_14' title="bbox 444 1387 1858 1451; baseline 0 -19"><span class='ocrx_word' id='word_1_92' title='bbox 444 1387 634 1433; x_wconf 90' lang='lat' dir='ltr'><strong>trahens</strong></span> <span class='ocrx_word' id='word_1_93' title='bbox 654 1399 759 1451; x_wconf 90' lang='lat' dir='ltr'><strong>post</strong></span> <span class='ocrx_word' id='word_1_94' title='bbox 779 1403 828 1433; x_wconf 90' lang='lat' dir='ltr'><strong>se</strong></span> <span class='ocrx_word' id='word_1_95' title='bbox 848 1403 1030 1433; x_wconf 84' lang='lat' dir='ltr'><strong>ramum</strong></span> <span class='ocrx_word' id='word_1_96' title='bbox 1052 1403 1195 1449; x_wconf 79' lang='lat' dir='ltr'><strong>quein</strong></span> <span class='ocrx_word' id='word_1_97' title='bbox 1211 1403 1352 1432; x_wconf 88' lang='lat' dir='ltr'><strong>manu</strong></span> <span class='ocrx_word' id='word_1_98' title='bbox 1373 1387 1732 1446; x_wconf 82' lang='lat' dir='ltr'><strong>constrinxerat,</strong></span> <span class='ocrx_word' id='word_1_99' title='bbox 1754 1403 1858 1432; x_wconf 87' lang='lat' dir='ltr'><strong>nar-</strong></span> 
     </span>
     <span class='ocr_line' id='line_1_15' title="bbox 444 1463 1852 1528; baseline 0.001 -18"><span class='ocrx_word' id='word_1_100' title='bbox 444 1465 655 1527; x_wconf 87' lang='lat' dir='ltr'><strong>ravitque</strong></span> <span class='ocrx_word' id='word_1_101' title='bbox 681 1465 839 1511; x_wconf 87' lang='lat' dir='ltr'><strong>omnia</strong></span> <span class='ocrx_word' id='word_1_102' title='bbox 868 1465 987 1511; x_wconf 87' lang='lat' dir='ltr'><strong>sicut</strong></span> <span class='ocrx_word' id='word_1_103' title='bbox 1013 1474 1140 1528; x_wconf 86' lang='lat' dir='ltr'><strong>gesta</strong></span> <span class='ocrx_word' id='word_1_104' title='bbox 1175 1474 1323 1511; x_wconf 89' lang='lat' dir='ltr'><strong>erant.</strong></span> <span class='ocrx_word' id='word_1_105' title='bbox 1354 1467 1484 1510; x_wconf 84' lang='lat' dir='ltr'><strong>Tunc</strong></span> <span class='ocrx_word' id='word_1_106' title='bbox 1518 1465 1594 1511; x_wconf 92' lang='lat' dir='ltr'><strong>ille</strong></span> <span class='ocrx_word' id='word_1_107' title='bbox 1630 1463 1736 1510; x_wconf 90' lang='lat' dir='ltr'><strong>oleo</strong></span> <span class='ocrx_word' id='word_1_108' title='bbox 1769 1463 1852 1511; x_wconf 79' lang='lat' dir='ltr'><strong>be—</strong></span> 
     </span>
     <span class='ocr_line' id='line_1_16' title="bbox 445 1542 1848 1606; baseline -0.001 -17"><span class='ocrx_word' id='word_1_109' title='bbox 445 1542 717 1589; x_wconf 88' lang='lat' dir='ltr'><strong>nedictione</strong></span> <span class='ocrx_word' id='word_1_110' title='bbox 763 1542 1055 1590; x_wconf 86' lang='lat' dir='ltr'><strong>sanctificato</strong></span> <span class='ocrx_word' id='word_1_111' title='bbox 1111 1558 1305 1589; x_wconf 89' lang='lat' dir='ltr'><strong>manum</strong></span> <span class='ocrx_word' id='word_1_112' title='bbox 1360 1559 1504 1590; x_wconf 88' lang='lat' dir='ltr'><strong>manu</strong></span> <span class='ocrx_word' id='word_1_113' title='bbox 1551 1558 1818 1606; x_wconf 88' lang='lat' dir='ltr'><strong>perungens</strong></span> <span class='ocrx_word' id='word_1_114' title='bbox 1835 1578 1848 1601; x_wconf 91' lang='lat'><strong>,</strong></span> 
     </span>
     <span class='ocr_line' id='line_1_17' title="bbox 443 1618 1855 1684; baseline 0.001 -19"><span class='ocrx_word' id='word_1_115' title='bbox 443 1618 678 1666; x_wconf 88' lang='lat' dir='ltr'><strong>abstracto</strong></span> <span class='ocrx_word' id='word_1_116' title='bbox 716 1635 880 1679; x_wconf 90' lang='lat' dir='ltr'><strong>ramo,</strong></span> <span class='ocrx_word' id='word_1_117' title='bbox 923 1619 1108 1667; x_wconf 89' lang='lat' dir='ltr'><strong>sanitati</strong></span> <span class='ocrx_word' id='word_1_118' title='bbox 1148 1619 1362 1666; x_wconf 84' lang='lat' dir='ltr'><strong>restituit.</strong></span> <span class='ocrx_word' id='word_1_119' title='bbox 1418 1619 1510 1665; x_wconf 89' lang='lat' dir='ltr'><strong>Sed</strong></span> <span class='ocrx_word' id='word_1_120' title='bbox 1549 1628 1595 1666; x_wconf 91' lang='lat' dir='ltr'><strong>et</strong></span> <span class='ocrx_word' id='word_1_121' title='bbox 1631 1618 1855 1684; x_wconf 84' lang='lat' dir='ltr'><strong>deinceps</strong></span> 
     </span>
     <span class='ocr_line' id='line_1_18' title="bbox 446 1697 1854 1764; baseline 0 -20"><span class='ocrx_word' id='word_1_122' title='bbox 446 1698 621 1745; x_wconf 89' lang='lat' dir='ltr'><strong>multos</strong></span> <span class='ocrx_word' id='word_1_123' title='bbox 651 1715 677 1745; x_wconf 92' lang='lat' dir='ltr'><strong>a</strong></span> <span class='ocrx_word' id='word_1_124' title='bbox 709 1699 998 1764; x_wconf 81' lang='lat' dir='ltr'><strong>serpentium</strong></span> <span class='ocrx_word' id='word_1_125' title='bbox 1025 1714 1182 1744; x_wconf 91' lang='lat' dir='ltr'><strong>morsu</strong></span> <span class='ocrx_word' id='word_1_126' title='bbox 1210 1709 1256 1744; x_wconf 91' lang='lat' dir='ltr'><strong>et</strong></span> <span class='ocrx_word' id='word_1_127' title='bbox 1281 1715 1306 1744; x_wconf 90' lang='lat' dir='ltr'><strong>a</strong></span> <span class='ocrx_word' id='word_1_128' title='bbox 1334 1698 1510 1763; x_wconf 82' lang='lat' dir='ltr'><strong>pusulae</strong></span> <span class='ocrx_word' id='word_1_129' title='bbox 1534 1697 1747 1761; x_wconf 86' lang='lat' dir='ltr'><strong>malignae</strong></span> <span class='ocrx_word' id='word_1_130' title='bbox 1779 1714 1854 1744; x_wconf 89' lang='lat' dir='ltr'><strong>ve-</strong></span> 
     </span>
     <span class='ocr_line' id='line_1_19' title="bbox 444 1774 1849 1840; baseline -0.001 -17"><span class='ocrx_word' id='word_1_131' title='bbox 444 1792 588 1837; x_wconf 89' lang='lat' dir='ltr'><strong>neno,</strong></span> <span class='ocrx_word' id='word_1_132' title='bbox 618 1777 750 1840; x_wconf 86' lang='lat' dir='ltr'><strong>signo</strong></span> <span class='ocrx_word' id='word_1_133' title='bbox 772 1776 924 1823; x_wconf 91' lang='lat' dir='ltr'><strong>crucis</strong></span> <span class='ocrx_word' id='word_1_134' title='bbox 949 1776 1106 1823; x_wconf 87' lang='lat' dir='ltr'><strong>locato</strong></span> <span class='ocrx_word' id='word_1_135' title='bbox 1133 1775 1352 1840; x_wconf 83' lang='lat' dir='ltr'><strong>desuper,</strong></span> <span class='ocrx_word' id='word_1_136' title='bbox 1394 1774 1597 1823; x_wconf 89' lang='lat' dir='ltr'><strong>reddidit</strong></span> <span class='ocrx_word' id='word_1_137' title='bbox 1621 1775 1849 1839; x_wconf 90' lang='lat' dir='ltr'><strong>sospitati.</strong></span> 
     </span>
     <span class='ocr_line' id='line_1_20' title="bbox 443 1852 1853 1910; baseline -0.001 -10"><span class='ocrx_word' id='word_1_138' title='bbox 443 1853 709 1900; x_wconf 90' lang='lat' dir='ltr'><strong>Nonnullos</strong></span> <span class='ocrx_word' id='word_1_139' title='bbox 740 1863 896 1901; x_wconf 87' lang='lat' dir='ltr'><strong>autem</strong></span> <span class='ocrx_word' id='word_1_140' title='bbox 936 1853 1153 1900; x_wconf 88' lang='lat' dir='ltr'><strong>obsessos</strong></span> <span class='ocrx_word' id='word_1_141' title='bbox 1181 1852 1410 1900; x_wconf 81' lang='lat' dir='ltr'><strong>daemonis</strong></span> <span class='ocrx_word' id='word_1_142' title='bbox 1443 1852 1549 1899; x_wconf 87' lang='lat' dir='ltr'><strong>saevi</strong></span> <span class='ocrx_word' id='word_1_143' title='bbox 1582 1852 1755 1910; x_wconf 89' lang='lat' dir='ltr'><strong>livore,</strong></span> <span class='ocrx_word' id='word_1_144' title='bbox 1801 1862 1853 1899; x_wconf 90' lang='lat' dir='ltr'><strong>ut</strong></span> 
     </span>
     <span class='ocr_line' id='line_1_21' title="bbox 443 1927 1852 1994; baseline -0.001 -18"><span class='ocrx_word' id='word_1_145' title='bbox 443 1946 610 1977; x_wconf 90' lang='lat' dir='ltr'><strong>manus</strong></span> <span class='ocrx_word' id='word_1_146' title='bbox 635 1931 889 1994; x_wconf 83' lang='lat' dir='ltr'><strong>imposuit,</strong></span> <span class='ocrx_word' id='word_1_147' title='bbox 924 1929 1159 1993; x_wconf 80' lang='lat' dir='ltr'><strong>extemplo</strong></span> <span class='ocrx_word' id='word_1_148' title='bbox 1188 1929 1351 1991; x_wconf 78' lang='lat' dir='ltr'><strong>fugatis</strong></span> <span class='ocrx_word' id='word_1_149' title='bbox 1377 1927 1672 1977; x_wconf 85' lang='lat' dir='ltr'><strong>daemonibus</strong></span> <span class='ocrx_word' id='word_1_150' title='bbox 1712 1943 1852 1974; x_wconf 90' lang='lat' dir='ltr'><strong>men-</strong></span> 
     </span>
     <span class='ocr_line' id='line_1_22' title="bbox 441 2004 1851 2069; baseline -0.002 -16"><span class='ocrx_word' id='word_1_151' title='bbox 441 2016 534 2053; x_wconf 87' lang='lat' dir='ltr'><strong>tem</strong></span> <span class='ocrx_word' id='word_1_152' title='bbox 575 2007 762 2069; x_wconf 85' lang='lat' dir='ltr'><strong>energia</strong></span> <span class='ocrx_word' id='word_1_153' title='bbox 810 2006 1047 2053; x_wconf 88' lang='lat' dir='ltr'><strong>turbatam</strong></span> <span class='ocrx_word' id='word_1_154' title='bbox 1085 2006 1144 2052; x_wconf 92' lang='lat' dir='ltr'><strong>ad</strong></span> <span class='ocrx_word' id='word_1_155' title='bbox 1181 2006 1492 2068; x_wconf 80' lang='lat' dir='ltr'><strong>integritatem</strong></span> <span class='ocrx_word' id='word_1_156' title='bbox 1537 2004 1851 2066; x_wconf 80' lang='lat' dir='ltr'><strong>intelligentiae</strong></span> 
     </span>
     <span class='ocr_line' id='line_1_23' title="bbox 441 2080 1850 2147; baseline -0.001 -19"><span class='ocrx_word' id='word_1_157' title='bbox 441 2084 691 2147; x_wconf 87' lang='lat' dir='ltr'><strong>reparavit.</strong></span> <span class='ocrx_word' id='word_1_158' title='bbox 722 2085 900 2129; x_wconf 88' lang='lat' dir='ltr'><strong>Omnes</strong></span> <span class='ocrx_word' id='word_1_159' title='bbox 925 2083 1051 2128; x_wconf 89' lang='lat' dir='ltr'><strong>enim</strong></span> <span class='ocrx_word' id='word_1_160' title='bbox 1075 2098 1383 2145; x_wconf 89' lang='lat' dir='ltr'><strong>quoscunque</strong></span> <span class='ocrx_word' id='word_1_161' title='bbox 1411 2098 1494 2146; x_wconf 89' lang='lat' dir='ltr'><strong>per</strong></span> <span class='ocrx_word' id='word_1_162' title='bbox 1516 2097 1626 2127; x_wconf 88' lang='lat' dir='ltr'><strong>eum</strong></span> <span class='ocrx_word' id='word_1_163' title='bbox 1649 2097 1678 2128; x_wconf 88' lang='lat' dir='ltr'><strong>a</strong></span> <span class='ocrx_word' id='word_1_164' title='bbox 1699 2080 1850 2128; x_wconf 87' lang='lat' dir='ltr'><strong>diver-</strong></span> 
     </span>
     <span class='ocr_line' id='line_1_24' title="bbox 439 2158 1849 2222; baseline -0.001 -17"><span class='ocrx_word' id='word_1_165' title='bbox 439 2160 500 2206; x_wconf 92' lang='lat' dir='ltr'><strong>sis</strong></span> <span class='ocrx_word' id='word_1_166' title='bbox 531 2158 882 2207; x_wconf 83' lang='lat' dir='ltr'><strong>infirmitatibus</strong></span> <span class='ocrx_word' id='word_1_167' title='bbox 919 2158 1111 2205; x_wconf 86' lang='lat' dir='ltr'><strong>dextera</strong></span> <span class='ocrx_word' id='word_1_168' title='bbox 1151 2158 1312 2208; x_wconf 89' lang='lat' dir='ltr'><strong>divina</strong></span> <span class='ocrx_word' id='word_1_169' title='bbox 1347 2158 1567 2216; x_wconf 86' lang='lat' dir='ltr'><strong>salvavit,</strong></span> <span class='ocrx_word' id='word_1_170' title='bbox 1609 2158 1646 2204; x_wconf 93' lang='lat' dir='ltr'><strong>si</strong></span> <span class='ocrx_word' id='word_1_171' title='bbox 1681 2158 1849 2222; x_wconf 92' lang='lat' dir='ltr'><strong>inopes</strong></span> 
     </span>
     <span class='ocr_line' id='line_1_25' title="bbox 440 2234 1848 2300; baseline 0 -18"><span class='ocrx_word' id='word_1_172' title='bbox 440 2235 649 2297; x_wconf 87' lang='lat' dir='ltr'><strong>fuissent,</strong></span> <span class='ocrx_word' id='word_1_173' title='bbox 680 2237 779 2300; x_wconf 86' lang='lat' dir='ltr'><strong>ipse</strong></span> <span class='ocrx_word' id='word_1_174' title='bbox 805 2235 967 2282; x_wconf 87' lang='lat' dir='ltr'><strong>cibum</strong></span> <span class='ocrx_word' id='word_1_175' title='bbox 993 2235 1305 2298; x_wconf 81' lang='lat' dir='ltr'><strong>vestitumque</strong></span> <span class='ocrx_word' id='word_1_176' title='bbox 1328 2235 1680 2299; x_wconf 86' lang='lat' dir='ltr'><strong>dispensatione</strong></span> <span class='ocrx_word' id='word_1_177' title='bbox 1711 2234 1848 2283; x_wconf 87' lang='lat' dir='ltr'><strong>hilari</strong></span> 
     </span>
     <span class='ocr_line' id='line_1_26' title="bbox 440 2312 1848 2377; baseline 0 -18"><span class='ocrx_word' id='word_1_178' title='bbox 440 2312 732 2377; x_wconf 81' lang='lat' dir='ltr'><strong>porrigebat3</strong></span> <span class='ocrx_word' id='word_1_179' title='bbox 767 2322 990 2376; x_wconf 87' lang='lat' dir='ltr'><strong>tantaque</strong></span> <span class='ocrx_word' id='word_1_180' title='bbox 1027 2313 1070 2359; x_wconf 90' lang='lat' dir='ltr'><strong>ei</strong></span> <span class='ocrx_word' id='word_1_181' title='bbox 1107 2329 1219 2360; x_wconf 87' lang='lat' dir='ltr'><strong>cura</strong></span> <span class='ocrx_word' id='word_1_182' title='bbox 1256 2313 1315 2359; x_wconf 92' lang='lat' dir='ltr'><strong>de</strong></span> <span class='ocrx_word' id='word_1_183' title='bbox 1359 2312 1604 2376; x_wconf 85' lang='lat' dir='ltr'><strong>egentibus</strong></span> <span class='ocrx_word' id='word_1_184' title='bbox 1644 2312 1848 2371; x_wconf 21' lang='lat' dir='ltr'><strong>fuit„‚ut</strong></span> 
     </span>
     <span class='ocr_line' id='line_1_27' title="bbox 439 2389 1848 2455; baseline 0.001 -19"><span class='ocrx_word' id='word_1_185' title='bbox 439 2390 580 2437; x_wconf 87' lang='lat' dir='ltr'><strong>etiam</strong></span> <span class='ocrx_word' id='word_1_186' title='bbox 597 2399 767 2455; x_wconf 88' lang='lat' dir='ltr'><strong>pontes</strong></span> <span class='ocrx_word' id='word_1_187' title='bbox 790 2406 932 2454; x_wconf 89' lang='lat' dir='ltr'><strong>super</strong></span> <span class='ocrx_word' id='word_1_188' title='bbox 955 2390 1114 2436; x_wconf 89' lang='lat' dir='ltr'><strong>alveos</strong></span> <span class='ocrx_word' id='word_1_189' title='bbox 1135 2390 1349 2436; x_wconf 87' lang='lat' dir='ltr'><strong>amnium</strong></span> <span class='ocrx_word' id='word_1_190' title='bbox 1371 2389 1618 2453; x_wconf 87' lang='lat' dir='ltr'><strong>diligenter</strong></span> <span class='ocrx_word' id='word_1_191' title='bbox 1641 2389 1848 2437; x_wconf 89' lang='lat' dir='ltr'><strong>instrue-</strong></span> 
     </span>
     <span class='ocr_line' id='line_1_28' title="bbox 439 2465 1841 2531; baseline 0.001 -19"><span class='ocrx_word' id='word_1_192' title='bbox 439 2477 526 2524; x_wconf 87' lang='lat' dir='ltr'><strong>ret,</strong></span> <span class='ocrx_word' id='word_1_193' title='bbox 545 2483 603 2513; x_wconf 93' lang='lat' dir='ltr'><strong>ne</strong></span> <span class='ocrx_word' id='word_1_194' title='bbox 620 2468 725 2531; x_wconf 89' lang='lat' dir='ltr'><strong>quis</strong></span> <span class='ocrx_word' id='word_1_195' title='bbox 745 2466 1086 2514; x_wconf 89' lang='lat' dir='ltr'><strong>inundantibus</strong></span> <span class='ocrx_word' id='word_1_196' title='bbox 1108 2467 1242 2530; x_wconf 88' lang='lat' dir='ltr'><strong>aquis</strong></span> <span class='ocrx_word' id='word_1_197' title='bbox 1258 2465 1499 2529; x_wconf 78' lang='lat' dir='ltr'><strong>naufragia</strong></span> <span class='ocrx_word' id='word_1_198' title='bbox 1512 2482 1631 2513; x_wconf 85' lang='lat' dir='ltr'><strong>saeva</strong></span> <span class='ocrx_word' id='word_1_199' title='bbox 1646 2466 1841 2529; x_wconf 84' lang='lat' dir='ltr'><strong>lugeret.</strong></span> 
     </span>
    </p>

    <p class='ocr_par' dir='ltr' id='par_1_3' title="bbox 439 2530 1846 2762">
     <span class='ocr_line' id='line_1_29' title="bbox 504 2530 1846 2607; baseline -0.001 -17"><span class='ocrx_word' id='word_1_200' title='bbox 504 2544 551 2590; x_wconf 77' lang='grc' dir='ltr'><strong>[ι.</strong></span> <span class='ocrx_word' id='word_1_201' title='bbox 590 2547 643 2590; x_wconf 95' lang='lat' dir='ltr'><strong>In</strong></span> <span class='ocrx_word' id='word_1_202' title='bbox 668 2543 743 2590; x_wconf 81' lang='lat' dir='ltr'><strong>his</strong></span> <span class='ocrx_word' id='word_1_203' title='bbox 767 2560 880 2607; x_wconf 88' lang='lat' dir='ltr'><strong>ergo</strong></span> <span class='ocrx_word' id='word_1_204' title='bbox 908 2543 1157 2590; x_wconf 89' lang='lat' dir='ltr'><strong>virtutibus</strong></span> <span class='ocrx_word' id='word_1_205' title='bbox 1189 2542 1342 2589; x_wconf 90' lang='lat' dir='ltr'><strong>clarus</strong></span> <span class='ocrx_word' id='word_1_206' title='bbox 1379 2544 1425 2588; x_wconf 92' lang='lat' dir='ltr'><strong>in</strong></span> <span class='ocrx_word' id='word_1_207' title='bbox 1468 2542 1655 2607; x_wconf 88' lang='lat' dir='ltr'><strong>populis</strong></span> <span class='ocrx_word' id='word_1_208' title='bbox 1687 2530 1846 2589; x_wconf 81' lang='lat' dir='ltr'><strong>decla-</strong></span> 
     </span>
     <span class='ocr_line' id='line_1_30' title="bbox 439 2611 1844 2682; baseline -0.001 -16"><span class='ocrx_word' id='word_1_209' title='bbox 439 2631 585 2681; x_wconf 88' lang='lat' dir='ltr'><strong>ratus,</strong></span> <span class='ocrx_word' id='word_1_210' title='bbox 613 2637 722 2667; x_wconf 89' lang='lat' dir='ltr'><strong>cum</strong></span> <span class='ocrx_word' id='word_1_211' title='bbox 748 2611 868 2668; x_wconf 81' lang='lat' dir='ltr'><strong>esset</strong></span> <span class='ocrx_word' id='word_1_212' title='bbox 892 2636 1127 2668; x_wconf 87' lang='lat' dir='ltr'><strong>annorum</strong></span> <span class='ocrx_word' id='word_1_213' title='bbox 1164 2619 1347 2666; x_wconf 84' lang='lat' dir='ltr'><strong>circiter</strong></span> <span class='ocrx_word' id='word_1_214' title='bbox 1378 2618 1710 2682; x_wconf 82' lang='lat' dir='ltr'><strong>quadraginta,</strong></span> <span class='ocrx_word' id='word_1_215' title='bbox 1739 2635 1844 2664; x_wconf 87' lang='lat' dir='ltr'><strong>mo-</strong></span> 
     </span>
     <span class='ocr_line' id='line_1_31' title="bbox 440 2693 1840 2762; baseline -0.001 -20"><span class='ocrx_word' id='word_1_216' title='bbox 440 2696 545 2744; x_wconf 91' lang='lat' dir='ltr'><strong>dica</strong></span> <span class='ocrx_word' id='word_1_217' title='bbox 585 2697 794 2762; x_wconf 88' lang='lat' dir='ltr'><strong>pulsatus</strong></span> <span class='ocrx_word' id='word_1_218' title='bbox 822 2696 948 2744; x_wconf 86' lang='lat' dir='ltr'><strong>febre</strong></span> <span class='ocrx_word' id='word_1_219' title='bbox 965 2735 977 2758; x_wconf 87' lang='lat'>‚</span> <span class='ocrx_word' id='word_1_220' title='bbox 1019 2713 1103 2762; x_wconf 89' lang='lat' dir='ltr'><strong>per</strong></span> <span class='ocrx_word' id='word_1_221' title='bbox 1129 2695 1340 2743; x_wconf 86' lang='lat' dir='ltr'><strong>triduum</strong></span> <span class='ocrx_word' id='word_1_222' title='bbox 1375 2695 1544 2742; x_wconf 84' lang='lat' dir='ltr'><strong>lectulo</strong></span> <span class='ocrx_word' id='word_1_223' title='bbox 1572 2693 1840 2754; x_wconf 76' lang='lat' dir='ltr'><strong>decubavit,</strong></span> 
     </span>
    </p>
   </div>
   <div class='ocr_carea' id='block_1_3' title="bbox 440 2763 1840 2913">
    <p class='ocr_par' dir='ltr' id='par_1_4' title="bbox 440 2763 1840 2913">
     <span class='ocr_line' id='line_1_32' title="bbox 441 2763 1840 2840; baseline -0.001 -22"><span class='ocrx_word' id='word_1_224' title='bbox 441 2774 805 2838; x_wconf 85' lang='lat' dir='ltr'><strong>nuntiatumque</strong></span> <span class='ocrx_word' id='word_1_225' title='bbox 838 2783 908 2821; x_wconf 89' lang='lat' dir='ltr'><strong>est</strong></span> <span class='ocrx_word' id='word_1_226' title='bbox 939 2773 1052 2820; x_wconf 86' lang='lat' dir='ltr'><strong>mihi</strong></span> <span class='ocrx_word' id='word_1_227' title='bbox 1081 2790 1189 2821; x_wconf 90' lang='lat' dir='ltr'><strong>cum</strong></span> <span class='ocrx_word' id='word_1_228' title='bbox 1230 2773 1450 2820; x_wconf 86' lang='lat' dir='ltr'><strong>transitus</strong></span> <span class='ocrx_word' id='word_1_229' title='bbox 1486 2780 1604 2818; x_wconf 90' lang='lat' dir='ltr'><strong>esset</strong></span> <span class='ocrx_word' id='word_1_230' title='bbox 1640 2763 1840 2840; x_wconf 42' lang='lat' dir='ltr'><strong>propit-1-</strong></span> 
     </span>
     <span class='ocr_line' id='line_1_33' title="bbox 440 2840 1835 2913; baseline -0.001 -18"><span class='ocrx_word' id='word_1_231' title='bbox 440 2865 577 2912; x_wconf 90' lang='lat' dir='ltr'><strong>quus.</strong></span> <span class='ocrx_word' id='word_1_232' title='bbox 612 2853 663 2896; x_wconf 88' lang='lat' dir='ltr'><strong>At</strong></span> <span class='ocrx_word' id='word_1_233' title='bbox 689 2867 775 2913; x_wconf 82' lang='lat' dir='ltr'><strong>ego</strong></span> <span class='ocrx_word' id='word_1_234' title='bbox 810 2850 1018 2897; x_wconf 90' lang='lat' dir='ltr'><strong>velocius</strong></span> <span class='ocrx_word' id='word_1_235' title='bbox 1054 2849 1164 2896; x_wconf 92' lang='lat' dir='ltr'><strong>illuc</strong></span> <span class='ocrx_word' id='word_1_236' title='bbox 1195 2864 1481 2912; x_wconf 70' lang='lat' dir='ltr'><strong>properam,</strong></span> <span class='ocrx_word' id='word_1_237' title='bbox 1519 2847 1579 2894; x_wconf 90' lang='lat' dir='ltr'><strong>ad</strong></span> <span class='ocrx_word' id='word_1_238' title='bbox 1613 2840 1835 2902; x_wconf 67' lang='lat' dir='ltr'><strong>lectulti‘in</strong></span> 
     </span>
    </p>
   </div>
   <div class='ocr_carea' id='block_1_4' title="bbox 2033 2847 2054 3450">
    <p class='ocr_par' dir='ltr' id='par_1_5' title="bbox 2033 2847 2054 3450">
     <span class='ocr_line' id='line_1_34' title="bbox 2033 2847 2054 3450; baseline 0 0"><span class='ocrx_word' id='word_1_239' title='bbox 2033 2847 2054 3450; x_wconf 95' lang='lat' dir='ltr'><strong> </strong></span> 
     </span>
    </p>
   </div>
  </div>
 </body>
</html>
