2054 3450
346 354 423 391 204
716 347 726 355 ’
861 351 989 388 VITAE
1015 351 1235 391 PATRUM.

348 449 399 486 ut
423 438 554 497 libet,
580 453 692 484 nam
715 435 848 501 quod
873 436 1078 485 volueris
1105 454 1201 484 non
1226 437 1449 503 explebis.
1477 459 1499 482 »
1528 437 1608 486 Ille
1631 455 1750 502 quo-

348 531 440 579 que
473 514 712 578 negligens
741 513 1018 560 mandatum
1052 513 1289 578 pontificis
1317 513 1449 574 abiit,
1480 523 1527 562 at
1548 523 1646 561 tam
1668 514 1752 561 de-

349 591 562 638 formiter
575 591 762 650 cecinit,
784 600 834 637 ut
847 590 908 637 ab
925 590 1149 636 omnibus
1162 590 1450 637 irrideretur.
1467 590 1755 638 Adveniente

349 678 507 716 autem
526 667 614 715 alia
634 667 890 725 dominica,
913 667 1099 713 dicente
1121 683 1243 732 saepe
1261 667 1390 714 dicto
1405 665 1627 732 pontifice
1649 668 1757 714 mis-

350 761 439 806 sas,
451 746 587 808 jussit
602 762 713 792 eum
729 744 857 792 abire
875 762 885 790 :
906 747 1087 800 «Nunc,
1103 744 1273 807 inquit,
1290 744 1338 789 in
1356 743 1550 790 nomine
1565 744 1757 791 Domini

351 822 482 885 quod
500 821 705 869 volueris
725 820 995 885 explicabis.
1015 840 1037 863 »
1058 819 1201 877 Quod
1223 836 1333 867 cum
1359 820 1554 878 fecisset,
1582 819 1627 864 in
1652 821 1757 865 tan-

351 907 454 945 tum
475 914 566 945 vox
586 897 686 960 ejus
704 897 925 961 praeclara
945 896 1064 944 facta
1086 905 1171 955 est,
1199 906 1249 942 ut
1269 895 1330 944 ab
1354 895 1578 942 omnibus
1601 894 1759 942 lauda-

354 985 497 1022 retur.
534 977 576 1021 O
598 974 791 1021 beatum
816 971 994 1020 virum!
1027 974 1103 1020 cui
1127 973 1230 1020 talis
1250 973 1396 1037 gratia
1420 987 1645 1018 concessa
1670 980 1756 1029 est,

351 1062 405 1099 ut
426 1053 543 1098 sicut
564 1053 749 1110 animae,
774 1053 834 1098 ita
855 1061 900 1098 et
924 1067 1035 1097 cum
1055 1067 1112 1097 eo
1137 1067 1275 1098 voces
1293 1050 1545 1097 hominum
1560 1047 1650 1096 sub
1662 1049 1760 1112 ejus

353 1138 581 1194 potestate
607 1129 932 1187 consisterent,
958 1144 1075 1192 quas
1098 1138 1144 1175 et
1165 1144 1276 1175 cum
1307 1127 1454 1174 voluit
1478 1135 1620 1174 cantu
1642 1142 1760 1191 pro-

351 1205 507 1252 hibuit
529 1215 576 1253 et
596 1215 787 1253 cantare
812 1205 1038 1270 permisit.

419 1284 466 1331 6.
507 1283 720 1329 Praestitit
739 1291 894 1328 autem
919 1283 1044 1327 Deus
1066 1290 1113 1328 et
1135 1281 1222 1327 alia
1243 1279 1469 1327 miracula
1489 1295 1658 1344 magna
1674 1296 1759 1344 per

354 1358 504 1405 illum.
538 1362 655 1405 Nam
686 1374 796 1404 cum
842 1357 1054 1404 Julianus
1083 1357 1319 1416 defensor,
1353 1355 1594 1420 presbyter
1626 1355 1759 1402 dein-

354 1450 481 1498 ceps,
515 1434 796 1481 dulcissimae
830 1433 1100 1499 voluntatis*
1115 1434 1284 1488 homo,
1321 1449 1349 1479 a
1384 1442 1616 1496 quartano
1649 1443 1762 1497 typo

355 1520 600 1575 correptus
630 1510 832 1573 graviter
852 1510 1157 1567 cruciaretur,
1185 1507 1408 1555 lectulum
1433 1508 1580 1554 sancti
1610 1525 1762 1555 sacer-

356 1586 481 1634 dotis
509 1586 721 1651 expetiit;
755 1586 803 1632 in
828 1602 926 1649 quo
949 1585 1207 1643 decubans,
1234 1600 1262 1630 a
1282 1583 1507 1630 lectuaria
1526 1584 1626 1648 ipse
1650 1601 1763 1632 coo-

356 1674 535 1728 pertus,
564 1663 810 1728 paululum
842 1661 1166 1719 obdormiens,
1199 1662 1263 1708 ita
1289 1669 1477 1708 sanatus
1499 1670 1566 1707 est
1597 1670 1647 1707 ut
1676 1677 1765 1708 nec

357 1750 603 1788 contactus
636 1739 831 1804 quidem
867 1748 1029 1804 postea
1063 1738 1125 1786 ab
1159 1737 1250 1785 hac
1285 1737 1554 1784 infirmitate
1587 1737 1760 1784 fuisset.

356 1818 476 1862 Cum
505 1826 664 1862 autem
692 1818 899 1862 Arverna
921 1815 1083 1861 civitas
1107 1814 1313 1862 maximo
1338 1813 1560 1861 incendio
1583 1830 1765 1862 crema-

358 1902 487 1939 retur
511 1902 558 1939 et
588 1892 683 1939 hoc
707 1902 899 1939 sanctus
924 1892 1246 1956 comperisset,
1271 1892 1502 1953 ingressus
1523 1890 1765 1937 ecclesiam

358 1968 618 2015 diutissime
640 1969 897 2015 Dominum
914 1978 1023 2015 ante
1042 1977 1257 2014 sanctum
1274 1968 1419 2014 altare
1428 1983 1538 2013 cum
1549 1966 1766 2030 lacrymis

359 2046 584 2104 exoravit,
603 2061 909 2108 surgensque,
932 2044 1178 2107 Evangelia
1200 2043 1559 2107 comprehensa,
1582 2052 1766 2107 aperta-

332 2130 336 2144 *
359 2122 515 2185 quein
533 2121 726 2168 obviam
748 2138 797 2168 se
814 2121 908 2183 igni
932 2120 1120 2167 obtulit.
1149 2123 1253 2177 Qua
1269 2129 1436 2166 contra
1454 2129 1632 2184 parata,
1655 2135 1766 2184 pro-

360 2199 485 2244 tinus
500 2197 560 2244 ad
576 2207 819 2262 aspectum
843 2198 943 2261 ejus
964 2197 1024 2243 ita
1049 2213 1192 2243 omne
1215 2196 1491 2243 incendium
1505 2205 1574 2243 est
1595 2196 1766 2242 exstin-

360 2284 508 2333 ctum,
527 2284 579 2320 ut
600 2291 687 2321 nec
709 2273 871 2320 favillae
893 2273 1086 2336 quidem
1103 2274 1152 2319 in
1169 2288 1227 2319 eo
1247 2273 1394 2335 igneae
1415 2263 1764 2319 remansissent.

361 2350 458 2397 Sub
481 2351 580 2414 ejus
604 2359 760 2397 autem
789 2360 1002 2415 tempore
1034 2366 1207 2413 magno
1239 2359 1370 2396 terrae
1403 2359 1537 2396 motu
1563 2351 1770 2396 Arverna

361 2427 522 2473 civitas
543 2437 612 2474 est
632 2442 879 2485 concussa,
905 2426 987 2473 sed
1010 2443 1095 2473 cur
1112 2426 1206 2472 hoc
1229 2425 1449 2472 acciderit
1474 2426 1765 2489 ignoramus.

346 2506 465 2553 *Hoc
487 2514 646 2550 tamen
670 2504 842 2550 scimus
856 2502 987 2566 quod
1013 2502 1194 2549 nullum
1217 2519 1273 2549 ex
1296 2502 1477 2567 populo
1501 2502 1629 2549 laesit.
1650 2504 1769 2548 Cum

365 2589 521 2626 autem
546 2579 646 2626 lues
668 2580 763 2639 illa,
792 2596 934 2643 quam
960 2579 1272 2642 inguinariam
1295 2587 1482 2636 vocant,
1505 2594 1593 2642 per
1613 2577 1769 2624 diver-

365 2671 439 2702 sas
473 2656 687 2718 regiones
717 2656 960 2702 desaeviret
994 2665 1040 2702 et
1075 2656 1274 2702 maxime
1309 2664 1422 2701 tunc
1453 2653 1769 2716 Arelatensem

366 2732 659 2796 provinciam
692 2732 1020 2797 depopularet,
1057 2742 1247 2779 sanctus
1281 2730 1443 2778 Gallus
1464 2747 1562 2777 non
1585 2739 1771 2776 tantum

365 2825 455 2873 pro
469 2825 519 2855 se
535 2819 766 2872 quantum
784 2826 871 2874 pro
891 2808 1072 2872 populo
1088 2825 1175 2855 suo
1193 2807 1402 2872 trepidus
1420 2816 1520 2854 erat
1538 2825 1549 2852 :
1567 2823 1771 2869 cumque
