2054 3450
389 351 437 387 64
750 353 816 386 DE
843 350 1023 387 GLORIA
1054 350 1419 390 CONFESSORUM.

387 437 628 500 episcopo,
661 436 808 483 abbas
838 436 1138 484 ordinaretur
1171 437 1216 483 in
1251 437 1443 486 basilica
1477 441 1625 486 sancti
1655 442 1791 503 Sym-

387 512 622 575 phoriani,
645 529 790 577 quam
814 523 1100 559 memoratus
1123 514 1330 576 pontifex
1356 515 1662 563 fabricaverat
1685 525 1795 564 ante

386 599 693 653 conspectum
715 590 838 636 muri
861 590 1088 652 Biturigi¹.
1109 592 1203 637 Nec
1219 600 1376 637 tamen
1398 592 1658 639 monachos
1673 609 1794 657 quos

386 667 515 730 prius
533 677 896 732 congregaverat
913 667 1200 731 relinquens,
1220 668 1304 715 sed
1327 669 1574 716 instituens
1593 670 1660 717 eis
1682 686 1796 734 prae-

387 745 594 807 positum
613 782 625 804 ,
663 746 762 810 ipse
803 754 1022 808 utrasque
1067 744 1257 792 cellulas
1295 745 1604 808 gubernabat.
1647 748 1796 794 Deni—

386 837 480 884 que
503 838 613 868 cum
641 821 766 887 apud
789 820 913 868 hanc
936 820 1175 869 basilicam
1205 832 1486 883 moraretur,
1513 824 1730 888 apparuit
1753 824 1795 871 ei

387 907 576 945 sanctus
601 900 796 946 Ursinus
828 915 913 963 per
935 898 1088 944 visum
1123 898 1300 956 noctis,
1327 898 1488 946 dicens
1516 918 1526 946 :
1560 919 1582 944 «
1601 899 1795 946 Defossa

390 973 565 1033 humo,
603 975 785 1038 inquire
817 974 1148 1038 corpusculum
1184 991 1361 1022 meum.
1400 979 1498 1040 Ego
1532 976 1660 1023 enim
1691 993 1795 1023 sum

391 1052 585 1098 Ursinus
601 1051 742 1114 hujus
757 1052 886 1098 urbis
901 1052 1079 1115 primus
1096 1052 1360 1116 episcopus.
1379 1072 1401 1096 υ
1422 1054 1515 1111 Qui
1529 1053 1593 1100 ait
1611 1071 1622 1099 :
1648 1073 1670 1096 ι(
1686 1055 1795 1110 Quo

388 1127 493 1188 ibo,
519 1139 601 1176 aut
628 1129 710 1176 ubi
739 1145 943 1191 quaeram
971 1130 1238 1193 sepulcrum
1261 1140 1417 1191 tuum,
1443 1148 1552 1178 cum
1582 1131 1795 1194 ignorem

389 1205 546 1252 locum
571 1205 652 1252 ubi
676 1206 737 1252 sis
759 1206 969 1270 positus?
984 1225 1006 1250 »
1026 1209 1081 1252 At
1101 1205 1194 1264 ille,
1216 1207 1560 1271 apprehensam
1577 1208 1677 1270 ejus
1693 1224 1793 1255 ma-

390 1300 523 1341 num,
549 1282 679 1330 duxit
698 1283 756 1329 ad
778 1284 954 1340 locum,
982 1292 1030 1329 et⁴
1049 1283 1141 1330 ait:
1171 1302 1193 1327 «
1211 1283 1309 1330 Sub
1334 1284 1504 1330 harum
1531 1284 1692 1331 vitium
1718 1301 1794 1332 ra-

388 1359 571 1406 dicibus
593 1377 767 1425 corpus
786 1376 945 1406 meum
970 1359 1186 1406 habetur.
1211 1381 1230 1402 »
1262 1361 1622 1424 Expergefactus
1647 1360 1796 1408 abbas

388 1437 595 1483 narravit
618 1437 717 1483 haec
738 1437 966 1484 sacerdoti
992 1453 1101 1496 suo;
1125 1436 1207 1484 sed
1231 1436 1306 1484 ille
1326 1437 1672 1502 parvipendens
1694 1454 1797 1501 quae

386 1528 413 1559 a
444 1512 715 1576 presbytero
741 1513 1036 1573 dicebantur,
1069 1513 1251 1560 nullum
1284 1514 1555 1578 inquirendi
1586 1513 1793 1561 studium

387 1591 559 1654 posuit.
599 1594 776 1638 Interea
801 1590 965 1637 beatus
990 1592 1253 1637 Germanus
1276 1591 1515 1637 Parisiacae
1538 1590 1667 1637 urbis
1696 1591 1796 1656 epi-

386 1684 556 1732 scopus
582 1668 745 1728 adfuit,
772 1678 1109 1732 susceptusque
1131 1666 1192 1714 ab
1215 1667 1457 1732 episcopo,
1483 1677 1590 1731 post
1611 1684 1794 1715 coenam

387 1743 558 1791 domus
581 1744 899 1791 ecclesiasticae
927 1760 1036 1790 cum
1061 1760 1111 1790 se
1138 1744 1297 1809 sopori
1330 1744 1548 1805 dedisset,
1581 1745 1796 1810 apparuit

389 1821 573 1883 utrique
605 1838 690 1886 per
713 1822 894 1881 visum,
922 1821 1145 1885 episcopo
1169 1820 1307 1868 simul
1331 1821 1506 1868 scilicet
1531 1831 1577 1868 et
1605 1820 1792 1881 abbati,

386 1896 613 1962 duxitque
637 1915 717 1944 eos
739 1899 799 1944 ad
826 1898 983 1944 locum
1016 1898 1246 1962 sepulcri,
1272 1898 1529 1963 deprecans
1560 1908 1608 1944 ut
1639 1898 1796 1946 aufer-

387 1985 492 2022 rent
522 1992 632 2022 eum
668 1992 692 2023 a
726 1975 832 2022 loco
869 1976 965 2022 illo.
1006 1975 1325 2040 Expergefacti
1359 1975 1496 2022 simul
1527 1975 1587 2022 ad
1618 1976 1795 2039 vigilias

387 2054 676 2100 conveniunt
712 2054 760 2100 in
793 2054 943 2117 ipsam
975 2052 1124 2099 sancti
1154 2052 1486 2116 Symphoriani
1523 2051 1790 2114 basilicam3

386 2131 708 2195 explicitisque
742 2130 907 2177 officiis
941 2130 1210 2188 matutinis,
1252 2129 1392 2177 refert
1428 2130 1676 2195 episcopus
1710 2130 1795 2178 ah-

386 2207 481 2255 bati
508 2224 612 2272 quae
637 2207 840 2268 viderat,
870 2207 1205 2270 confessusque
1235 2216 1304 2253 est
1331 2216 1377 2254 et
1404 2207 1502 2271 ipse
1533 2207 1703 2254 vidisse
1734 2209 1794 2254 si·

387 2284 574 2332 militer.
605 2285 748 2348 igitur
781 2284 1048 2348 insequenti
1077 2292 1216 2330 nocte
1247 2283 1522 2331 accedentes
1548 2283 1658 2330 illuc
1684 2300 1795 2331 cum

386 2377 484 2408 uno
517 2371 702 2408 tantum
725 2360 897 2408 clerico
914 2397 926 2420 ,
952 2360 1034 2423 qui
1064 2375 1253 2406 cereum
1286 2359 1449 2417 ferret,
1480 2369 1710 2406 venerunt
1734 2359 1793 2406 ad

387 2437 645 2485 indicatum
671 2437 849 2496 locum,
873 2452 1078 2500 eumque
1103 2435 1333 2482 fodientes
1357 2452 1505 2499 usque
1528 2436 1575 2482 in
1601 2435 1795 2499 profun-

385 2514 527 2573 dum,
557 2515 826 2579 sepulcrum
853 2514 1095 2578 reperiunt
1124 2532 1135 2559 :
1170 2529 1266 2577 quo
1297 2512 1509 2572 detecto,
1542 2521 1796 2575 amotoque

387 2591 628 2656 opertorio
649 2627 660 2648 ,
700 2590 922 2658 viderunt
960 2599 1174 2636 sanctum
1207 2605 1380 2652 corpus
1417 2598 1642 2652 tanquam
1682 2589 1794 2635 dor-

388 2668 574 2715 mientis
611 2667 848 2726 hominis,
888 2666 1019 2714 nulla
1051 2666 1299 2732 putredine
1332 2666 1610 2712 resolutum.
1651 2665 1792 2722 Quod

443 2831 501 2884 (1)
531 2833 704 2879 Biturici,
721 2833 839 2871 2205.
