2054 3450
427 403 476 438 86
787 402 854 437 DE
881 401 1065 438 GLORIA
1094 401 1459 441 CONFESSORUM.

429 488 722 553 paralyticus,
742 488 822 552 qui
844 488 892 534 in
919 489 1102 552 porticu
1128 487 1327 535 basilicae
1350 490 1497 536 sancti
1510 489 1759 547 Vincentii,
1778 489 1825 535 in

426 582 518 628 qua
537 564 700 612 beatus
714 567 978 612 Germanus
1000 565 1245 629 requiescit
1269 565 1317 611 in
1339 582 1556 630 corpore,
1577 565 1825 625 residebat,
1888 622 1894 630 .

426 642 665 705 dirigitur:
691 658 830 699 mane
853 651 1011 688 autem
1036 641 1173 701 facto,
1196 650 1490 706 exspectante
1507 642 1701 707 populo,
1728 659 1830 705 gra·

425 718 511 766 tias
537 717 678 766 beato
701 718 893 765 antistiti
918 716 1161 764 referebat.
1189 720 1307 764 Nam
1330 734 1452 782 saepe
1483 717 1548 764 ibi
1571 728 1618 765 et
1646 735 1829 782 gressus

425 794 787 859 paralyticorum
818 804 864 841 et
894 808 1126 840 coecorum
1160 795 1287 840 visus
1316 795 1487 841 virtute
1523 795 1673 841 sancti
1697 796 1832 842 resti-

424 881 638 932 tuuntur,
673 881 719 919 et
745 888 852 919 raro
875 871 1065 918 advenit
1085 871 1184 934 ejus
1207 871 1478 919 solemnitas
1503 872 1618 935 quin
1643 871 1709 919 ibi
1733 873 1832 936 ejus

425 949 571 996 virtus
598 947 890 996 ostendatur.

986 1054 1141 1089 CAPUT
1165 1054 1247 1090 XCI
1257 1083 1265 1090 .

790 1155 842 1190 De
856 1154 1037 1190 Genovefa
1052 1154 1189 1201 virgine
1208 1154 1423 1190 sanctissima
1437 1157 1463 1190 ⁸.

493 1273 570 1317 Est
604 1270 669 1317 ibi
707 1281 754 1317 et
787 1281 946 1318 sancta
975 1271 1218 1318 Genovefa
1249 1271 1297 1318 in
1332 1271 1524 1318 basilica
1558 1281 1835 1317 sanctorum

424 1347 607 1411 sepulta
642 1347 991 1411 apostolorum,
1027 1363 1131 1409 quae
1162 1347 1210 1394 in
1239 1364 1440 1412 corpore
1466 1348 1616 1412 posita
1651 1357 1835 1394 tantum

426 1423 473 1470 in
497 1425 670 1470 virtute
695 1423 953 1488 praevaluit,
981 1433 1033 1469 ut
1058 1433 1300 1470 mortuum
1322 1424 1580 1471 suscitaret.
1610 1423 1677 1469 Ad
1699 1424 1834 1486 cujus

425 1501 661 1547 tumulum
686 1501 852 1564 saepius
881 1501 1130 1565 petitiones
1151 1501 1271 1548 datae
1292 1501 1565 1564 suffragium
1588 1501 1806 1548 obtinent
1820 1520 1834 1560 ;

426 1577 508 1623 sed
550 1586 596 1623 et
638 1576 998 1639 frigoriticorum
1044 1576 1195 1624 febres
1235 1577 1335 1640 ejus
1374 1579 1544 1625 virtute
1586 1578 1837 1642 saepissime

426 1652 796 1716 restinguuntur.

979 1759 1135 1794 CAPUT
1161 1759 1275 1796 XCII.

873 1861 926 1899 De
943 1860 1106 1907 sepulcro
1123 1860 1216 1895 beati
1235 1861 1391 1896 Luam-is.

496 1978 549 2022 ln
563 1975 756 2023 Dolensi
767 1986 924 2023 autem
935 1977 1036 2022 Bitu
1043 1977 1146 2040 rigi'
1160 1977 1349 2023 termini
1367 1978 1473 2024 vico
1491 1977 1655 2024 beatus
1667 1979 1835 2037 Lusor,

432 2052 672 2099 Leucadii⁸
690 2053 936 2116 quondam
957 2054 1186 2100 senatoris
1204 2052 1345 2106 filius,
1366 2054 1632 2117 requiescit,
1652 2053 1735 2117 qui
1750 2053 1837 2100 fer-

433 2139 510 2176 tur
533 2130 579 2175 in
604 2128 723 2176 albis
745 2129 964 2193 migrasse
986 2145 1012 2176 a
1037 2129 1206 2176 saeculo
1226 2149 1241 2176 ι
1266 2130 1314 2175 in
1339 2138 1499 2194 crypta
1522 2145 1638 2175 vero
1663 2129 1840 2192 positus

432 2222 574 2269 super
605 2206 956 2270 pavimentum,
993 2206 1260 2270 sepulcrum
1294 2206 1475 2253 habens
1516 2223 1571 2252 ex
1606 2221 1840 2253 marmore

395 2301 398 2304 “
435 2282 570 2328 Pario
611 2282 888 2329 mirabiliter
927 2283 1235 2346 exsculptum.
1265 2286 1455 2329 Factum
1491 2292 1560 2329 est
1593 2292 1751 2329 autem
1790 2292 1842 2328 ut

433 2358 639 2422 quadam
665 2359 766 2405 vice
789 2369 976 2405 sanctus
1006 2360 1288 2419 Germanus,
1316 2359 1554 2406 Parisiacae
1578 2357 1709 2405 urbis
1741 2357 1840 2422 epi·

434 2450 632 2499 scopus,
663 2434 723 2481 ad
752 2434 881 2481 hunc
907 2435 1146 2481 tumulum
1176 2435 1355 2499 vigilias
1386 2435 1674 2494 celebraret,
1713 2433 1840 2482 haud

436 2512 601 2574 procul
639 2510 891 2558 formulam
920 2511 1118 2569 habens,
1146 2511 1195 2558 in
1227 2527 1323 2575 qua
1346 2528 1516 2574 genua,
1546 2527 1656 2558 cum
1679 2526 1842 2558 neces-

436 2586 545 2633 sitas
574 2597 788 2650 eogeret,
821 2587 1117 2635 deflectebat.
1144 2591 1337 2635 Factum
1371 2599 1442 2635 est
1476 2597 1632 2635 autem
1659 2587 1708 2633 in
1745 2603 1840 2633 una

490 2749 549 2802 (1)
576 2751 716 2800 Laud„
736 2751 830 2791 Bell.
852 2760 890 2790 et
910 2752 1020 2792 Colb.
1035 2765 1082 2790 a:
1107 2756 1167 2790 De
1189 2753 1373 2802 Genovefa
1395 2752 1587 2802 religiosa.

492 2808 550 2860 (Ξ)
579 2812 801 2850 Dolense....
823 2813 1001 2859 Biturici,
1023 2813 1142 2849 2205.

493 2866 551 2919 (3)
579 2869 683 2905 2205
702 2871 885 2918 Leucade,
906 2871 1004 2907 2791
1030 2871 1206 2907 Leocadi.
