2054 3450
394 353 416 388 8
742 350 821 391 „DE
848 349 1036 386 GLORIA
1065 347 1436 385 CONFESSORUM.

963 504 1119 540 CAPUT
1144 505 1238 540 LIV.

863 607 916 640 De
933 605 1094 653 Lupiano
1112 605 1323 640 confessore.

456 718 580 764 Infra
614 718 770 782 ipsum
801 718 1098 765 Pictavorum
1123 718 1396 777 terminum,
1424 716 1506 780 qui
1528 714 1708 778 adjacet
1731 717 1797 762 ci-

393 795 521 841 vitati
537 796 834 850 Namneticae,
858 795 902 842 id
928 805 1013 853 est,
1035 796 1084 841 in
1108 796 1213 841 vico
1237 794 1484 841 Ratiatensi
1500 795 1531 848 ¹,
1559 791 1798 856 Lupianus

391 859 582 932 quidam
602 869 648 914 in
667 868 784 915 albis
801 870 1032 915 transiens
1057 868 1322 932 requiescit.
1344 868 1429 914 Hic
1450 867 1595 913 fertur
1613 881 1640 913 a
1655 865 1797 912 beato

393 944 566 993 Hilario
609 946 813 992 antistite
848 945 1032 992 donum
1071 946 1363 1009 baptismatis
1405 945 1688 1008 suscepisse3
1715 943 1797 990 sed
1874 944 1890 956 ⁹

393 1037 519 1081 mox,
554 1031 607 1067 ut
631 1021 851 1083 diximus,
883 1023 1103 1085 migravit
1125 1039 1152 1069 a
1175 1038 1395 1086 corpore.
1432 1021 1518 1067 Cui
1543 1037 1567 1067 a
1593 1022 1695 1066 Deo
1715 1019 1799 1066 bo-

393 1107 559 1144 norum
585 1098 799 1144 omnium
828 1098 1048 1162 largitore
1073 1109 1200 1145 tanta
1227 1108 1296 1144 est
1319 1098 1465 1160 gratia
1484 1096 1722 1155 attributa,
1747 1105 1799 1142 ut

391 1173 575 1236 ad'ejus
600 1174 868 1239 sepulcrum
896 1192 1042 1221 caecus
1065 1176 1235 1235 visum,
1258 1175 1541 1240 paralyticus
1567 1188 1795 1236 gressum,

395 1260 550 1298 mutus
573 1261 829 1300 mereretur
851 1252 1111 1316 eloquium.

969 1416 1124 1451 CAPUT
1144 1416 1221 1451 LV.

756 1515 809 1549 De
826 1515 978 1549 Melanio
999 1514 1248 1550 Rhedonensi²
1266 1515 1447 1562 episcopo.

455 1625 684 1672 Melanius
715 1636 872 1673 autem
898 1626 1209 1673 Rhedonicae³
1241 1626 1371 1673 urbis
1391 1627 1666 1690 episcopus,
1692 1637 1800 1690 post

392 1701 806 1749 innumerabilium
833 1703 963 1765 signa
988 1704 1234 1762 virtutum,
1252 1704 1424 1766 jugiter
1446 1704 1653 1749 intentus
1678 1704 1798 1750 coelo

391 1778 582 1826 emicuit
611 1779 780 1826 saeculo
809 1797 819 1825 z
849 1797 991 1844 super
1024 1780 1157 1844 cujus
1188 1780 1458 1844 sepulcrum
1482 1780 1650 1826 miram
1673 1779 1799 1826 chri-

391 1856 525 1902 stiani
565 1854 787 1903 fabricam
819 1856 1096 1903 celsitudine
1127 1857 1423 1903 levaverunt.
1446 1857 1537 1902 Sed
1574 1857 1798 1903 instinctu

392 1931 601 2000 maligni,
631 1933 710 1995 qui
734 1949 920 1997 semper
943 1932 1083 1979 bonis
1110 1933 1384 1980 adversatur
1405 1932 1645 1997 operibus,
1673 1949 1797 1997 quo-

391 2007 500 2054 dam
530 2018 746 2073 tempore
774 2009 834 2056 ab
866 2010 972 2071 igne
996 2009 1432 2073 comprehenditur.
1462 2008 1586 2056 Palla
1623 2010 1797 2059 etenim

391 2093 487 2130 erat
503 2083 642 2143 linea,
659 2101 763 2147 quae
777 2095 991 2132 sanctum
1006 2086 1287 2132 confessoris
1300 2085 1485 2148 tegebat
1499 2085 1767 2150 sepulcrum
1781 2106 1792 2134 :

390 2160 536 2220 ilicet,
581 2161 665 2208 ubi
707 2163 947 2225 tignorum
993 2163 1237 2225 congeries
1278 2163 1471 2210 flamma
1518 2163 1798 2210 dominante

390 2246 650 2303 truncatur,
678 2248 823 2285 ruunt
851 2239 1011 2301 tegulae
1041 2255 1151 2285 cum
1174 2240 1381 2302 ligaturis
1412 2250 1459 2286 et
1482 2239 1664 2303 reliquo
1688 2241 1798 2287 tecti

388 2309 635 2379 apparatu.
670 2317 772 2363 Una
796 2325 952 2362 tamen
978 2333 1003 2362 e
1029 2316 1238 2363 trabibus
1266 2316 1507 2363 flammato
1535 2317 1687 2381 capite
1705 2317 1793 2363 im-

391 2382 498 2454 pet‘u
524 2392 928 2458 Υιιίηεξῴνορώεε,
948 2410 1089 2458 super
1110 2394 1345 2441 tumulum
1370 2395 1519 2440 sancti
1542 2394 1651 2440 ruit.
1681 2396 1797 2452 Quae

390 2483 487 2515 non
512 2466 662 2516 modo
681 2470 969 2518 succendere
992 2470 1183 2535 pallam,
1205 2488 1370 2518 verum
1391 2473 1531 2518 etiam
1553 2481 1797 2518 conterere

388 2544 508 2591 inter
534 2528 583 2591 se
608 2554 655 2593 et
670 2545 883 2612 lapidem
910 2547 1114 2612 sepulcri
1136 2557 1370 2612 potuerat.
1407 2548 1513 2594 Ruit
1537 2548 1729 2612 insuper
1751 2558 1796 2595 et

427 2672 494 2751 (ἢ
520 2690 768 2738 Nannbticae..
795 2703 1058 2749 ,Ratiatense‚
1081 2701 1208 2749 22043
1223 2703 1464 2747 Raciatense‚
1487 2700 1545 2739 Cl.
1550 2703 1614 2739 -F.

442 2757 509 2823 (2)
524 2759 807 2806 Redonensium,
829 2761 976 2802 2204.

442 2809 509 2863 (3)
523 2819 720 2864 aedona-2,
743 2819 861 2901 2204,
885 2808 1005 2866 ahos,
1028 2818 1083 2857 el.
1089 2820 1154 2858 -F
