2054 3450
404 334 445 372 31
457 335 479 371 6
921 333 1048 369 VITAE
1074 332 1292 369 PATRUM.

404 422 532 468 enim
566 420 763 483 legitur:
806 439 829 462 «
863 419 976 466 Bovi
1009 419 1243 465 trituranti
1281 434 1335 465 os
1362 434 1461 465 non
1491 418 1749 482 colligabis.
1786 439 1807 461 »

405 500 684 562 Praepositus
706 513 897 561 quoque
920 513 1020 543 non
1040 496 1304 559 intelligens
1325 511 1428 559 quae
1450 507 1677 554 narraret,
1697 495 1814 543 abiit

404 574 602 639 implere
629 574 907 638 jussionem.
943 575 1097 630 Quem
1119 589 1230 619 cum
1255 571 1445 619 vidisset
1470 571 1617 619 homo
1638 588 1811 637 appro-

406 653 734 717 pinquantem,
753 651 971 717 projectis
986 651 1034 696 in
1052 659 1225 696 terram
1245 665 1348 713 quae
1360 658 1638 713 sumpserat,
1657 649 1816 711 fugere

404 729 565 793 coepit,
597 745 652 776 ac
680 730 802 776 inter
820 729 978 794 spinas
1003 738 1049 774 et
1071 718 1219 774 rubos
1247 735 1390 791 caput
1414 726 1665 790 immergit,
1699 735 1746 772 et
1767 726 1815 772 in

406 806 606 854 modum
627 822 881 871 porcorum
898 805 1079 852 aditum
1097 805 1226 851 unde
1239 803 1557 867 egrederetur,
1580 803 1676 849 ictu
1696 802 1818 848 facili

405 894 605 931 conatur
624 884 821 948 aperire.
850 885 1006 940 Quem
1027 882 1289 929 monachus
1315 879 1695 945 apprehendens,
1721 879 1815 926 ait:

411 979 434 1005 «
458 963 524 1007 Ne
546 962 728 1021 timeas,
753 959 834 1019 fili,
858 962 971 1024 quia
998 961 1158 1006 senior
1189 968 1349 1006 noster
1375 958 1499 1005 misit
1519 974 1596 1004 me
1619 966 1671 1003 ut
1698 956 1818 1003 edu-

405 1054 511 1084 cam
546 1048 591 1084 te
621 1037 680 1084 ab
710 1037 950 1085 hocloco.
985 1056 1007 1081 »
1037 1039 1168 1083 Tunc
1195 1036 1404 1083 collectis
1435 1034 1697 1082 monachus
1718 1049 1822 1096 quae

408 1115 485 1162 ille
510 1116 799 1180 projecerat,
838 1125 934 1162 tam
962 1115 1117 1179 pomis
1146 1130 1290 1178 quam
1325 1112 1561 1171 oleribus,
1597 1111 1822 1176 imposuit

408 1192 620 1240 humeris
648 1193 774 1256 ejuS,
811 1202 858 1239 et
890 1201 1054 1256 aperto
1086 1191 1208 1238 ostio
1242 1190 1420 1237 dimisit
1454 1206 1588 1249 eum,
1627 1188 1819 1250 dicens:

412 1290 433 1313 «
462 1269 592 1318 Vade
613 1270 660 1316 in
678 1286 812 1334 pace,
840 1279 885 1316 et
909 1285 968 1315 ne
994 1267 1114 1315 ultra
1138 1277 1321 1333 repetas
1341 1283 1444 1331 quae
1466 1266 1652 1330 ignavia
1675 1265 1823 1312 comi-

411 1356 538 1394 tante
558 1346 752 1411 gessisti.
782 1365 806 1390 »
1684 1403 1688 1407 ι

475 1426 521 1472 3.
551 1428 653 1489 lpse
674 1439 866 1487 quoque
884 1422 1121 1480 sacerdos,
1142 1421 1270 1468 velut
1288 1420 1430 1484 jubar
1449 1420 1546 1467 veri
1568 1419 1759 1467 luminis
1773 1417 1824 1467 in

411 1501 527 1548 orbe
549 1500 871 1566 resplendens,
894 1498 1219 1546 infirmitatum
1243 1496 1463 1544 morbida
1478 1496 1703 1543 virtutum
1728 1495 1827 1543 effi-

411 1579 540 1626 cacia
556 1577 762 1643 pellebat
783 1577 987 1625 assidue.
1007 1576 1237 1623 Nivardus
1250 1574 1445 1639 quidam
1461 1573 1686 1621 diuturna
1699 1572 1827 1621 febre

413 1657 649 1715 detentus,
671 1655 789 1702 dum
812 1671 958 1719 aquas
974 1664 1174 1702 aestnans
1190 1652 1252 1700 ab
1265 1652 1436 1699 ardore
1450 1651 1607 1698 haurit
1619 1650 1824 1713 assidue,

412 1733 473 1781 ab
499 1733 714 1797 hydrope
739 1733 979 1789 intumuit,
1012 1733 1072 1779 ita
1109 1741 1158 1778 ut
1179 1740 1276 1778 tam
1301 1739 1465 1776 venter
1488 1745 1632 1792 quam
1661 1738 1828 1775 stoma-

413 1809 532 1856 chus
555 1811 611 1856 in.
628 1810 826 1857 modum
847 1811 1012 1856 vesicae
1033 1817 1306 1855 cerneretur
1327 1817 1562 1853 extensus.
1588 1809 1641 1851 In
1659 1805 1828 1870 despe-

415 1888 595 1934 ratione
617 1904 730 1951 ergo
754 1903 842 1951 pro
862 1887 941 1933 tali
963 1884 1233 1932 infirmitate
1256 1885 1464 1949 posituS,
1492 1882 1662 1930 deferri
1693 1899 1742 1930 se
1768 1882 1830 1931 ad

414 1974 631 2010 sanctum
654 1963 889 2010 beneficio
909 1962 1103 2027 plaustri
1119 1961 1349 2026 deposcit.
1375 1960 1636 2022 Deniquea
1655 1957 1829 2005 lectulo

415 2040 640 2100 elevatur,
670 2040 931 2104 imponitur
955 2055 1097 2102 super
1116 2038 1406 2096 vehiculum,
1433 2046 1572 2099 atque
1596 2034 1655 2082 ad
1680 2034 1828 2081 cellu-

419 2118 512 2164 lam
537 2117 686 2164 sancti
724 2116 874 2163 Martii
910 2115 1203 2180 perducitur,
1227 2114 1486 2178 deprecans
1507 2112 1749 2159 humiliter
1780 2122 1831 2158 ut

418 2194 505 2241 sibi
530 2193 751 2241 sacerdos
772 2193 859 2240 Dei
881 2208 1048 2239 manus
1072 2192 1357 2256 imponeret.
1382 2191 1438 2235 At
1465 2189 1542 2236 ille
1570 2197 1832 2254 prostratus

418 2273 466 2319 in
490 2272 756 2319 orationem
780 2286 943 2318 coram
972 2270 1198 2328 Domino,
1228 2284 1484 2316 conversus
1515 2275 1586 2313 est
1617 2265 1679 2312 ad
1702 2264 1832 2321 infir-

419 2367 572 2410 mum,
593 2359 817 2413 tactuque
835 2347 1147 2395 blandissimo
1165 2346 1265 2410 ejus
1282 2343 1496 2392 membra
1513 2352 1830 2403 contrectans,

420 2444 528 2474 eum
568 2428 616 2474 in
657 2425 1060 2492 contemplatione
1100 2425 1356 2472 astantium
1398 2422 1604 2470 reddidit
1643 2437 1829 2468 sanum.

422 2508 540 2552 Nam
564 2505 628 2552 ita
647 2504 791 2550 fertur
806 2514 966 2550 tumor
985 2502 1141 2549 omnis
1163 2511 1270 2548 ante
1292 2501 1462 2562 digitos
1480 2499 1582 2562 ejus
1605 2497 1833 2559 aufugisse

421 2581 481 2628 de
513 2597 715 2646 corpore
744 2580 955 2639 obsesso,
989 2589 1040 2625 ut
1062 2578 1247 2625 nullum
1274 2577 1321 2623 in
1347 2593 1406 2623 eo
1430 2575 1623 2622 ulterius
1646 2574 1832 2636 aegritu-

422 2659 546 2705 dinis
583 2659 724 2721 hujus
761 2667 1025 2704 remaneret
1061 2655 1306 2702 indicium.
1348 2654 1455 2700 Haec
1486 2661 1643 2699 autem
1679 2667 1707 2697 a
1742 2650 1835 2696 mei

425 2736 647 2797 genitoris
673 2734 900 2782 relatione
923 2733 1143 2796 cognovi,
1176 2748 1233 2778 eo
1257 2730 1388 2794 quod
1412 2729 1455 2775 ei
1485 2728 1622 2775 fuerit
1653 2727 1729 2774 hic
1754 2726 1835 2773 Ni-

424 2812 599 2859 vardus
630 2813 677 2858 in
701 2812 914 2858 amicitiae
938 2810 1276 2873 conjunctione
1301 2807 1562 2854 devinctus.
1591 2803 1836 2852 Asserebat
