2054 3450
394 356 471 391 246
908 354 1035 390 vrrAE
1062 354 1283 391 PATRUM.

394 457 567 486 munus
584 439 771 487 coeleste
792 440 1097 504 suscepimus·
1115 443 1310 488 Factum
1329 452 1397 489 est
1421 453 1596 504 autem,
1625 455 1675 491 ut
1697 455 1804 510 post

392 516 492 563 dies
511 517 740 581 plurimos
760 517 821 564 ad
842 517 1217 565 benedicendam
1239 518 1483 567 ecclesiam
1505 522 1552 567 in
1578 521 1803 586 parochia

394 595 720 641 Paternacensi
742 594 870 641 urbis
890 595 1133 642 Turonicae
1156 595 1477 643 invitaremur.
1509 599 1706 657 Accessi,
1734 598 1804 646 fa-

392 680 510 726 teor,
539 671 715 718 sacravi
748 671 908 727 altare,
948 671 1161 736 decerpsi
1191 672 1267 719 fila
1297 672 1357 719 de
1390 672 1552 731 linteo,
1580 673 1729 722 locavi
1753 676 1800 722 in

391 748 600 814 templo:
628 748 765 796 dictis
790 749 959 808 missiS‚
992 749 1111 796 facta
1137 749 1368 810 oratione,
1405 750 1612 798 discessi.
1641 752 1805 800 Paucis

390 825 563 872 deinde
583 825 749 872 diebus
772 826 1078 890 interpositis,
1099 826 1290 873 advenit
1302 826 1362 873 ad
1378 843 1467 874 nos
1486 827 1561 874 ille
1581 828 1663 892 qui
1685 827 1805 876 invi·—

390 911 585 960 taverat‚
614 903 801 949 dicens:
826 923 847 945 u
874 903 1041 950 Gaude
1057 904 1104 949 in
1129 904 1325 950 nomine
1347 904 1558 964 Domini,
1585 904 1806 952 sacerdos

390 979 494 1038 Dei,
513 979 573 1026 de
596 980 766 1026 virtute
782 978 907 1026 beati
924 980 1087 1026 Nicetii
1104 981 1338 1038 antistitis,
1356 997 1468 1027 nam
1489 981 1678 1028 noveris
1693 981 1804 1045 quia

390 1056 594 1103 ostendit
618 1073 841 1119 magnum
861 1056 1139 1104 miraculum
1158 1057 1205 1103 iu
1221 1056 1413 1104 ecclesia
1433 1073 1577 1121 quam
1591 1058 1800 1105 sacrasti.

389 1134 548 1179 Caecus
571 1134 698 1180 enim
722 1142 819 1180 erat
848 1135 894 1180 in
921 1150 1044 1199 pago
1068 1143 1230 1180 nostro
1264 1133 1488 1180 diuturna
1520 1134 1736 1181 caecitatis
1758 1145 1803 1182 et

388 1212 598 1275 caliginis
632 1212 881 1258 oculorum
918 1222 1058 1258 nocte
1096 1212 1330 1271 detentus,
1367 1212 1444 1258 cui
1481 1213 1700 1276 apparuit
1733 1212 1805 1259 vir

388 1288 582 1351 quidam
610 1305 694 1353 per
717 1289 867 1335 visum
894 1290 1062 1348 noctis,
1085 1288 1247 1335 dicens
1269 1306 1279 1334 :
1311 1309 1332 1331 α
1357 1289 1402 1334 Si
1424 1288 1492 1334 vis
1515 1305 1656 1335 sanus
1680 1288 1799 1348 fieri,

389 1374 688 1429 prosternere
711 1366 759 1412 in
781 1366 1045 1412 orationem
1067 1381 1231 1412 coram
1244 1364 1445 1412 basilicae
1467 1365 1614 1412 sancti
1641 1366 1804 1413 Nicetii

389 1442 541 1501 altari,
564 1452 609 1489 et
625 1440 822 1507 recipies
841 1444 1011 1488 visum.
1035 1462 1056 1485 ›>
1077 1441 1223 1500 Quod
1241 1458 1351 1488 cum
1367 1441 1563 1500 fecisset,
1580 1441 1803 1507 disruptis

388 1518 611 1578 tenebris,
628 1519 789 1566 lumen
805 1520 847 1567 ei
867 1520 1013 1566 virtus
1025 1519 1183 1566 divina
1202 1518 1434 1583 patefecit.
1456 1518 1612 1577 Posui,
1630 1518 1795 1578 fateor,

388 1595 449 1641 de
474 1596 546 1642 his
572 1595 850 1660 pignoribus
874 1606 920 1642 et
950 1597 997 1642 in
1022 1595 1121 1642 aliis
1151 1595 1451 1643 basilicarum
1484 1594 1725 1655 altaribus,
1752 1596 1800 1642 in

387 1671 563 1736 quibus
591 1683 637 1719 et
662 1673 968 1737 energumeni
991 1683 1205 1720 sanctum
1236 1671 1544 1730 confitentur,
1573 1681 1619 1719 et
1653 1671 1803 1720 fidelis

387 1751 540 1797 oratio
567 1751 735 1816 saepius
765 1761 1059 1816 promeretur
1086 1750 1325 1798 effectum.
1366 1750 1627 1797 Phronimii
1661 1748 1801 1813 igit'ur

389 1828 662 1891 Agathensis
692 1829 901 1894 episcopi
937 1828 1141 1876 famulus
1162 1828 1398 1892 epileptici
1429 1827 1586 1875 morbi
1611 1843 1798 1874 accessu

387 1903 686 1968 fatigabatur,
714 1906 773 1952 ita
805 1915 854 1951 ut
875 1906 1153 1970 plerumque
1177 1906 1352 1952 cadens
1383 1922 1438 1952 ac
1457 1921 1682 1969 spumans
1707 1904 1797 1951 lin-

387 1997 526 2044 guam
556 1998 687 2029 suam
715 1982 919 2046 propriis
946 1981 1167 2028 dentibus
1199 1981 1458 2029 laceraret:
1486 1991 1533 2028 et
1555 1997 1664 2027 cum
1697 1981 1739 2028 ei
1771 1997 1799 2028 a

389 2058 583 2104 medicis
606 2059 808 2122 plurima
827 2057 1008 2112 fierent,
1026 2057 1269 2104 accidebat
1288 2067 1355 2115 ut,
1374 2058 1537 2122 paucis
1557 2057 1798 2104 mensibus

386 2135 690 2199 interpositis,
721 2151 819 2180 non
848 2144 1118 2197 tangeretur
1151 2151 1178 2181 a
1211 2134 1411 2192 morbo;
1444 2134 1527 2180 sed
1555 2135 1726 2180 iterum
1749 2134 1797 2180 in

385 2211 647 2259 recidivum
672 2212 933 2258 cruciatum
960 2228 1119 2271 ruens,
1157 2211 1293 2276 pejus
1316 2226 1461 2274 quam
1486 2211 1615 2275 prius
1643 2219 1799 2274 egerat

382 2288 661 2353 perferebat.
679 2289 913 2335 Dominus
938 2305 1051 2335 vero
1070 2289 1171 2351 ejus
1189 2305 1299 2335 cum
1323 2287 1512 2334 vidisset
1532 2296 1685 2334 tantas
1703 2286 1797 2332 vir-

384 2377 505 2413 tutes
528 2366 589 2413 ad
623 2367 894 2431 sepulcrum
926 2365 1052 2412 beati
1077 2366 1242 2412 Nicetii
1269 2365 1386 2424 fieri,
1416 2364 1532 2411 dixit
1556 2364 1616 2410 ad
1645 2379 1755 2410 eum
1781 2380 1792 2407 ι

388 2444 548 2491 «Vade
571 2454 616 2490 et
640 2453 938 2508 prosternere
961 2459 1121 2490 coram
1147 2442 1364 2507 sepulcro
1388 2442 1555 2500 sancti,
1581 2456 1723 2487 orans
1749 2447 1799 2486 ut

384 2531 428 2566 te
452 2521 674 2583 adjuvare
695 2520 930 2583 dignetur.
948 2540 969 2562 ι)
996 2521 1090 2577 Qui
1115 2536 1225 2567 cum
1245 2519 1371 2582 jussa
1390 2518 1634 2583 explesset,
1654 2532 1797 2563 sanus

384 2614 619 2660 regressus
638 2609 724 2654 est,
750 2614 836 2644 nec
855 2597 975 2643 ultra
997 2612 1109 2642 eum
1131 2596 1210 2643 hic
1231 2597 1379 2658 attigit
1398 2594 1612 2641 morbus.
1639 2593 1796 2657 Septi-

383 2691 486 2720 mus
510 2675 637 2720 enim
674 2684 772 2720 erat
803 2690 957 2720 annus
980 2672 1040 2720 ab
1076 2673 1401 2720 incolumitate
1422 2671 1574 2735 pueri,
1600 2668 1794 2733 quando

381 2766 490 2795 eum
513 2749 650 2796 nobis
668 2751 917 2814 episcopus
936 2750 1246 2814 praesentavit.

449 2828 495 2872 9.
525 2826 729 2883 Quidam
760 2843 873 2872 vero
899 2842 1079 2890 pauper
1108 2826 1296 2872 vivente
1318 2834 1499 2884 sanctO,
1529 2822 1703 2870 litteras
1732 2819 1793 2869 ab
