2054 3450
362 369 382 404 ³1
392 368 441 404 88
716 359 727 367 ⁴
876 369 1003 405 VITAE
1028 370 1248 408 PATRUM.

364 455 456 513 Qui
483 454 661 504 elevata
685 455 876 504 dextera
901 473 1012 504 cum
1040 457 1227 520 signum
1256 460 1407 506 crucis
1438 460 1761 526 imposuisset,

362 531 605 579 vasculum
627 532 855 580 scinditur
875 533 1086 581 medium
1100 571 1112 593 ,
1139 550 1195 582 ac
1215 535 1381 582 vinum
1402 537 1534 600 quod
1558 538 1680 586 infra
1702 549 1765 586 te-

363 607 582 667 nebatur,
623 626 735 656 cum
764 608 1002 657 'immenso
1038 621 1255 676 serpente
1294 621 1427 659 terrae
1462 612 1761 676 diffunditur,

363 686 507 744 Quod
527 698 772 735 cernentes
802 689 883 753 qui
909 688 1128 748 aderant,
1153 699 1282 735 metu
1311 690 1518 736 exterriti
1534 690 1596 738 ad
1619 692 1766 756 pedes

361 762 488 811 beati
518 764 603 811 viri
634 764 885 825 decidunt,
920 765 1139 813 lambunt
1169 766 1381 829 vestigia,
1416 766 1687 814 osculantur
1719 779 1766 816 et

362 840 546 904 plantas
569 859 579 887 ε
604 841 834 889 mirantur
854 858 1021 890 omnes
1043 844 1268 890 virtutem
1289 843 1438 900 senis,
1463 843 1697 891 mirantur
1722 854 1763 893 et

361 932 411 962 se
439 915 501 964 ab
527 917 676 981 iniqui
701 918 865 982 anguis
889 919 993 965 viru
1023 918 1247 966 divinitus
1275 919 1418 966 fuisse
1446 919 1666 967 salvatos.
1699 921 1770 968 Ad

361 992 486 1040 istud
533 993 813 1041 miraculum
858 995 1100 1042 concurrit
1134 995 1290 1042 omnis
1327 996 1556 1043 exercitus
1573 1034 1586 1056 ,
1628 995 1771 1044 vallat

362 1068 615 1117 multitudo
640 1071 795 1118 omnis
814 1071 1004 1118 beatum
1023 1072 1179 1118 virum
1193 1109 1206 1133 ,
1231 1073 1426 1137 cupiens
1441 1072 1540 1136 ejus
1559 1071 1770 1121 fimbrias

361 1163 509 1194 manu
539 1156 756 1212 tangere,
794 1149 879 1195 etsi
909 1148 1074 1195 osculo
1107 1149 1345 1196 honorare
1372 1165 1470 1195 non
1501 1150 1658 1214 potuit
1684 1167 1695 1196 ε
1723 1160 1770 1197 et

361 1239 442 1270 rex
463 1224 614 1271 exsilit
636 1224 695 1271 de
720 1234 868 1272 stratu
889 1241 1000 1282 su0,
1026 1226 1323 1289 accurritque
1350 1225 1411 1272 ad
1441 1225 1566 1272 beati
1588 1225 1768 1272 confes-

361 1300 480 1346 soris
501 1300 783 1362 adventum,
809 1302 988 1366 illoque
1015 1312 1221 1362 tacente,
1250 1312 1449 1349 cunctos
1477 1318 1599 1365 quos
1631 1319 1768 1367 repe-

361 1375 490 1423 tebat
507 1377 721 1442 captivos
739 1377 957 1437 absolvit,
984 1388 1032 1424 et
1053 1378 1261 1442 reliquos
1278 1378 1502 1443 deinceps
1521 1389 1574 1426 ut
1594 1379 1764 1436 voluit,

359 1454 426 1500 sic
445 1455 636 1519 recepit.
657 1455 841 1519 Duplex
859 1455 925 1502 ibi
945 1455 1232 1502 beneficium
1251 1457 1460 1503 Domino
1477 1465 1766 1521 cooperante

360 1531 575 1595 largitus,
602 1543 648 1579 et
670 1533 776 1580 illos
799 1550 826 1580 a
851 1543 1002 1580 morte
1024 1534 1167 1593 eruit,
1194 1543 1241 1580 et
1267 1533 1358 1580 hos
1382 1550 1411 1581 a
1430 1533 1543 1597 jugo
1570 1533 1770 1598 captivi-

362 1609 469 1655 tatis
490 1610 676 1656 exemit.
694 1612 833 1669 Vere,
855 1621 908 1657 ut
926 1626 1014 1673 ego
1034 1609 1195 1668 crede,
1222 1619 1269 1656 et
1290 1609 1407 1657 fides
1426 1626 1531 1658 mea
1547 1619 1633 1670 est,
1658 1610 1770 1673 quia

361 1694 545 1732 constat
577 1684 639 1732 ab
679 1686 771 1733 hoc
805 1685 1016 1750 periculo
1055 1686 1254 1733 salvatos
1288 1686 1423 1750 quasi
1458 1685 1704 1733 suscitatos
1739 1702 1768 1733 a

363 1762 579 1808 mortuis.

426 1837 474 1885 3.
513 1839 608 1883 Nec
630 1836 724 1884 hoc
747 1838 984 1902 praeterire
1006 1837 1137 1885 volui
1159 1824 1292 1902 quod
1317 1854 1428 1885 eum
1451 1837 1670 1885 diabolus
1698 1838 1769 1885 di-

359 1914 504 1960 versis
525 1913 756 1961 machinis
777 1925 976 1961 conatus
1001 1914 1218 1974 illudere,
1244 1931 1355 1962 curn
1371 1913 1551 1961 videret
1575 1931 1626 1962 se
1648 1913 1765 1961 nihil

361 1990 402 2036 ei
429 2006 567 2054 posse
590 2006 780 2048 nocere,
803 1990 1061 2038 visibilibus
1083 1991 1216 2037 illum
1235 1991 1403 2056 praeliis
1418 2001 1487 2038 est
1502 2007 1762 2054 aggressus.

364 2070 480 2114 Nam
506 2076 646 2113 nocte
678 2066 884 2129 quadam
914 2066 1031 2113 dum
1062 2084 1112 2114 se
1146 2067 1306 2131 sopori
1342 2067 1570 2124 dedisset,
1607 2066 1766 2113 subito

361 2142 712 2206 expergeFactus
734 2142 851 2190 vidit
872 2143 1089 2190 cellulam
1107 2160 1239 2190 suam
1258 2143 1391 2208 quasi
1413 2143 1634 2190 incendio
1655 2159 1768 2190 con-

361 2220 589 2277 cremari;
648 2236 994 2284 exsurgensque
1052 2221 1326 2284 perterritus
1380 2220 1556 2267 ostium
1610 2219 1763 2284 petiit.

361 2295 502 2354 Quod
526 2312 637 2342 cum
659 2312 867 2344 reserare
882 2297 1115 2360 nequiret,
1135 2297 1183 2343 in
1201 2297 1416 2344 oratione
1434 2297 1765 2361 prosternitur,

361 2389 416 2419 ac
438 2373 624 2436 signum
648 2372 850 2420 salutare
865 2389 1030 2420 coram
1045 2390 1093 2421 se
1110 2382 1156 2420 et
1176 2374 1355 2420 circum
1372 2389 1421 2420 se
1445 2373 1635 2432 faciens,
1661 2389 1768 2437 pro-

362 2449 487 2496 tinus
518 2448 765 2512 phantasia
789 2449 1088 2496 flammarum
1111 2465 1215 2513 quae
1238 2459 1520 2514 apparuerat
1550 2449 1764 2507 evanuit,

362 2525 679 2587 cognovitque
702 2525 797 2572 hoc
819 2525 998 2572 diaboli
1022 2525 1159 2572 fuisse
1179 2525 1426 2583 fallaciam.
1445 2524 1592 2588 quue
1611 2524 1767 2570 statim

362 2601 620 2648 revelatum
650 2612 720 2648 est
740 2601 882 2649 beato
917 2603 1146 2660 Protasio,
1179 2602 1263 2666 qui
1295 2612 1407 2648 tunc
1428 2601 1556 2666 apud
1587 2599 1766 2647 Canbi-

361 2677 596 2724 dobrense
620 2679 959 2725 monasterium
990 2678 1254 2725 habebatur
1283 2678 1515 2736 reclusus,
1548 2677 1629 2739 qui
1655 2693 1766 2723 cum

361 2770 546 2800 summa
571 2754 867 2802 festinatione
889 2755 1181 2802 monachum
1203 2771 1261 2801 ex
1285 2753 1451 2801 cellula
1476 2770 1557 2800 sua
1583 2752 1645 2800 ad
1676 2753 1764 2799 fra-

361 2839 483 2878 trem
502 2830 725 2894 dirigens,
749 2831 965 2879 hortatus
983 2841 1069 2893 est,
1092 2832 1255 2879 dicens
1274 2849 1285 2877 :
1313 2851 1336 2874 ε(
1359 2833 1559 2895 Oportet
1586 2841 1656 2888 te,
1687 2829 1762 2876 di—
