2054 3450
407 326 422 360 1
434 324 482 360 56
775 356 783 364 ,
922 322 1049 358 VITAE
1075 322 1292 360 PATRUM.

406 420 622 475 peratore
656 409 821 456 directi
853 409 1014 473 pueri,
1049 418 1264 455 sanctum
1299 426 1459 458 senem
1492 412 1540 458 in
1571 410 1808 458 antedicta

406 497 645 551 repertum
671 485 791 532 urbe
812 486 1032 550 potestati
1053 485 1188 548 regiae
1211 485 1423 533 celeriter
1454 496 1804 552 repraesentant.

404 567 461 609 At
489 563 566 609 ille
594 562 922 610 venerabiliter
949 571 1197 626 exceptum
1225 561 1285 608 de
1314 563 1440 609 exitu
1471 563 1666 610 infelicis
1695 580 1810 610 con-

404 639 620 703 queritur
636 638 755 685 filiae.
775 638 856 685 Ille
872 655 986 684 vero
1003 637 1212 685 confisus
1231 639 1278 684 in
1303 639 1511 685 Domino
1526 640 1575 685 in
1598 640 1811 687 oratione

403 717 734 782 prosternitur,
761 726 994 778 nocteque
1019 732 1129 761 cum
1152 715 1294 762 sacris
1314 715 1504 778 hymnis
1525 716 1810 778 canticisque

405 793 690 858 spiritalibus
718 794 877 851 ducta,
911 792 1130 838 immissis
1163 792 1211 838 in
1239 808 1293 838 os
1319 792 1486 856 puellae
1521 792 1692 854 digitis,
1726 808 1810 839 ne-

405 886 548 933 quam
573 871 792 935 spiritum
815 885 844 915 a
865 884 1066 932 corpore
1087 868 1244 931 abegit
1262 867 1478 915 obsessae.
1503 867 1647 926 Quod
1670 868 1811 916 mira-

406 945 856 1010 culum‘imperator
881 961 1097 1003 cernenS,
1125 946 1381 992 immensos
1403 946 1507 992 auri
1539 945 1813 1009 argentique

405 1024 622 1070 cumulos
655 1032 818 1070 sancto
842 1022 980 1070 offert
1005 1022 1251 1069 sacerdoti.
1289 1022 1432 1079 Quod
1462 1022 1539 1069 ille
1567 1038 1814 1069 exsecrans

406 1116 460 1146 ac
502 1100 734 1160 refutans,
775 1100 867 1146 hoc
905 1099 1111 1145 obtinuit
1143 1108 1196 1145 ut
1232 1102 1442 1146 Arverna
1479 1099 1662 1159 civitas,
1708 1114 1813 1163 quae

406 1175 580 1223 tributa
611 1177 658 1223 in
694 1177 849 1241 specie
880 1177 1061 1222 triticea
1095 1192 1149 1222 ac
1184 1176 1362 1222 vinaria
1398 1174 1723 1240 dependebat,
1763 1175 1811 1222 in

405 1269 521 1300 auro
552 1254 840 1311 dissolveret,
878 1253 987 1316 quia
1021 1269 1131 1298 cum
1160 1253 1289 1316 gravi
1318 1252 1481 1299 labore
1518 1253 1662 1317 penui
1693 1251 1814 1299 infe-

405 1329 631 1376 rebantur
658 1328 903 1394 imperiali.
940 1331 1138 1376 Sanctus
1174 1345 1312 1389 vero,
1344 1339 1396 1375 ut
1432 1329 1585 1388 aiunt,
1618 1328 1812 1392 impleto

404 1407 509 1452 vitae
537 1407 774 1471 praesentis
799 1417 1031 1470 ternpore,
1055 1406 1103 1452 in
1130 1407 1233 1470 ipso
1261 1406 1438 1452 itineris
1465 1404 1700 1452 curriculo
1721 1405 1812 1451 mi-

406 1483 554 1544 gravit
575 1483 636 1529 ad
657 1482 914 1542 Christum,
941 1498 968 1528 a
989 1483 1179 1545 suisque
1199 1482 1397 1542 delatus,
1423 1484 1471 1529 in
1494 1482 1613 1529 urbe
1635 1499 1721 1530 sua
1741 1499 1812 1529 se-

406 1560 565 1623 pultus
586 1569 671 1606 est.

469 1637 517 1682 2.
556 1639 613 1682 Et
634 1636 847 1697 forsitan,
890 1646 940 1683 ut
964 1637 1244 1701 plerumque
1276 1637 1491 1684 homines
1516 1653 1814 1684 murmurare

405 1712 527 1759 soliti
550 1722 674 1770 sunt,
698 1714 933 1778 quispiam
955 1714 1235 1776 garrulatur,
1261 1713 1424 1760 dicens
1446 1731 1457 1760 z
1488 1733 1511 1758 α
1531 1717 1636 1760 Non
1661 1723 1814 1778 potest

405 1790 482 1836 hic
505 1789 668 1836 haberi
692 1791 812 1836 inter
835 1799 1021 1837 sanctos
1048 1806 1136 1855 pro
1160 1791 1300 1837 unius
1329 1799 1513 1838 tantum
1539 1790 1814 1855 operatione

408 1866 637 1912 miraculi.
659 1887 680 1909 »
703 1869 819 1912 Nam
837 1867 875 1912 si
891 1865 1198 1930 perpenditur
1215 1866 1332 1913 illud
1348 1866 1478 1930 quod
1500 1867 1734 1913 Dominus
1749 1867 1815 1913 ait

406 1944 453 1989 in
475 1943 726 2005 Evangelio
748 1962 759 1988 ε
786 1963 806 1986 «
827 1942 958 1988 Multi
977 1943 1092 1989 mibi
1116 1943 1273 1989 dicent
1292 1944 1340 1989 in
1361 1943 1438 1990 illa
1458 1943 1534 1990 die
1554 1962 1566 1989 :
1588 1943 1811 2003 Domine,

405 2021 628 2078 Domine,
668 2036 829 2065 nonne
865 2020 911 2065 in
949 2020 1142 2066 nomine
1176 2030 1259 2066 tuo
1297 2020 1531 2066 daemonia
1569 2020 1809 2084 ejecimus,

405 2097 692 2160 virtutesque
712 2095 884 2143 multas
906 2096 1130 2143 fecimus?
1148 2107 1195 2143 et
1217 2096 1518 2161 respondebo
1536 2097 1603 2143 eis
1619 2096 1807 2154 dicens:

404 2174 515 2236 quia
542 2190 637 2219 non
663 2173 775 2219 novi
802 2176 920 2231 vos¹,
941 2194 963 2216 »
991 2173 1203 2237 profecto
1238 2173 1462 2236 intelliget
1495 2173 1628 2236 quod
1664 2175 1812 2238 magis

405 2249 591 2313 proficit
611 2249 672 2296 ad
696 2250 885 2296 laudem
908 2251 1055 2296 virtus
1076 2266 1257 2312 egressa
1281 2250 1340 2296 de
1362 2251 1564 2309 tumulo,
1593 2267 1734 2314 quam
1757 2267 1813 2297 ea

405 2343 508 2390 quae
523 2326 772 2390 quisquam
790 2327 951 2373 vivens
968 2327 1107 2389 gessit
1123 2327 1170 2372 in
1197 2327 1379 2373 mundo
1401 2345 1412 2372 ε
1434 2328 1544 2391 quia
1559 2327 1639 2375 illa
1657 2327 1813 2375 labem

406 2404 578 2450 habere
601 2413 857 2468 potuerunt
886 2420 971 2468 per
994 2403 1181 2450 assidua
1211 2403 1463 2451 mundanae
1490 2406 1814 2469 occupationis

405 2481 760 2544 impedimenta,
779 2481 880 2527 haec
903 2497 1014 2527 vero
1037 2481 1169 2526 omni
1190 2480 1297 2527 labe
1319 2481 1380 2527 ad
1402 2481 1634 2545 liquidum
1653 2497 1814 2528 carue-

406 2568 532 2603 runt.
561 2560 682 2620 Ergo
700 2559 810 2620 quia
834 2557 928 2614 illa,
954 2567 1006 2603 ut
1026 2557 1280 2615 credimus,
1300 2574 1405 2621 quae
1426 2568 1613 2604 sanctus
1635 2557 1813 2604 lllidius

404 2643 513 2680 ante
542 2633 636 2679 hoc
670 2644 859 2698 tempus
894 2645 1114 2697 operatus
1151 2643 1239 2692 est,
1275 2633 1504 2680 oblivioni
1539 2633 1649 2681 data
1682 2644 1808 2693 sunt,

460 2789 520 2842 (1)
551 2791 691 2828 Matth.
710 2804 781 2837 vn,
804 2792 876 2838 22,
902 2791 967 2828 23.
