2054 3450
471 350 546 400 4022
782 357 1080 396 FRAGMENTS
1107 358 1177 394 Du
1206 355 1560 394 COMMENTAIRE

469 449 577 492 reste
601 448 838 506 longtemps
860 446 965 489 dans
990 456 1055 488 cet
1081 445 1182 498 etat,
1207 459 1300 486 sans
1327 453 1590 494 couverture,
1613 441 1653 483 la
1682 439 1872 494 derniere

468 529 575 573 page
596 523 658 554 est
678 527 731 554 en
752 512 889 570 partie
905 510 1077 553 effacee.
1097 509 1214 551 Nous
1237 508 1395 551 devons
1410 507 1451 549 la
1470 506 1591 565 copie
1610 505 1663 548 de
1681 521 1748 548 ces
1768 505 1873 547 trois

469 578 645 621 feuillets
667 581 691 619 a
711 576 987 635 l’obligeauee
1010 574 1113 617 d'un
1135 573 1275 616 habile
1291 571 1590 632 paleographe,
1610 570 1672 612 Μ.
1693 570 1874 613 Celestin

469 643 586 694 Port,
619 639 841 684 archiviste
865 640 923 682 du
946 638 1236 697 departement
1257 637 1311 680 de
1333 635 1711 679 Maine-et-Loire.

634 764 764 811 Incipit
781 763 999 811 explanatio*
1021 761 1177 796 Florenti
1194 760 1337 806 Georgii
1355 759 1466 794 sancti
1479 758 1522 807 (P)
1543 758 1706 805 Gregorii

971 819 1020 848 De
1039 814 1143 848 titulis
1158 813 1370 847 Psalmorum.

535 901 750 963 Denique
769 897 935 963 psalmi
954 898 1036 961 qui
1061 898 1216 960 fugam
1234 897 1708 960 persecutionemque
1727 895 1879 942 David

474 976 707 1041 explicant
724 1012 736 1034 ,
796 974 1053 1021 ostendunt
1096 973 1473 1038 persecutionem
1519 972 1880 1037 passionemque

472 1053 776 1100 dominicam.
807 1051 874 1097 Illi
896 1060 1053 1096 autem
1083 1051 1164 1112 qui
1190 1053 1249 1096 In
1278 1051 1427 1115 finem
1450 1048 1737 1108 scribuntur,
1767 1065 1881 1112 per-

471 1130 720 1176 sectionem
755 1128 995 1174 bonorum
1031 1143 1230 1192 operum
1265 1127 1494 1191 produnt,
1529 1126 1639 1190 quia
1669 1126 1748 1174 hic
1779 1125 1884 1173 linis

470 1205 704 1253 dissimilis
729 1214 798 1252 est
820 1204 921 1251 aliis
945 1203 1147 1263 finibus3
1174 1221 1283 1251 cum
1307 1203 1374 1252 illi
1398 1203 1578 1250 habent
1606 1205 1880 1260 terminum,

472 1283 549 1330 hic
573 1282 923 1347 replimentum.
951 1282 1090 1327 Finis
1117 1282 1245 1326 enim
1275 1282 1406 1345 Legis
1433 1279 1645 1327 Christus
1669 1279 1736 1326 ad
1746 1279 1886 1344 justi-

471 1362 589 1406 tiam
610 1361 742 1405 omni
758 1357 1003 1405 credenti².
1028 1360 1125 1403 Pro
1147 1355 1472 1413 torcularibus,
1496 1373 1583 1421 pro
1601 1365 1883 1402 aeternorum

473 1451 722 1482 munerum
750 1434 978 1480 fructibus
1005 1434 1211 1495 hymnus
1239 1441 1323 1479 est.
1358 1436 1454 1478 Pro
1479 1432 1550 1479 his
1577 1449 1679 1496 quae
1707 1431 1886 1478 heredi·

473 1511 712 1565 labuntur,
735 1509 1097 1556 retributionem
1115 1518 1387 1555 sanctorum
1411 1509 1508 1554 sive
1530 1507 1760 1566 Ecclesiae,
1783 1523 1887 1572 quae

472 1598 542 1635 est
563 1603 736 1651 corpus
758 1586 944 1643 Christi,
974 1595 1021 1632 et
1046 1584 1356 1632 hereditatem
1379 1584 1534 1649 capiat
1559 1595 1606 1631 et
1629 1601 1772 1648 regna
1799 1601 1888 1632 coe-

472 1665 628 1711 lorum
651 1663 840 1710 docent.
879 1666 976 1709 Pro
1006 1664 1199 1709 Octava.
1237 1661 1442 1718 Quidam
1472 1661 1601 1708 hunc
1634 1678 1887 1709 numerum

475 1739 737 1803 Evangeliis
759 1739 1006 1805 deputant,
1036 1755 1094 1785 eo
1117 1737 1248 1802 quod
1274 1748 1589 1785 contenentur
1610 1738 1659 1786 in
1681 1738 1756 1785 his
1778 1748 1888 1786 octo

472 1816 787 1865 beatitudines
826 1832 910 1881 per
949 1832 1065 1880 quas
1102 1816 1288 1862 venitur
1323 1816 1372 1862 in
1409 1831 1605 1879 regnum
1643 1816 1752 1875 Dei;
1794 1817 1890 1864 sive

473 1893 596 1940 illius
623 1909 742 1940 arcae
763 1902 874 1940 octo
894 1892 1078 1939 animae.
1107 1893 1168 1939 In
1187 1891 1474 1940 dedicatione
1495 1893 1567 1940 vel
1589 1910 1891 1940 consumma-

476 1972 600 2017 tione
634 1970 706 2017 vel
738 1968 1058 2029 tabernaculi,
1092 1969 1317 2034 perfectio
1349 1970 1566 2017 Ecclesiae
1597 1970 1888 2034 intelligitur.

475 2049 572 2093 Pro
589 2046 663 2092 liis
680 2047 763 2110 qui
776 2045 1201 2092 commutabuntur.
1226 2046 1395 2109 Populi
1416 2045 1598 2093 Judaici
1616 2062 1671 2094 ac
1685 2046 1887 2111 gentilis,

477 2122 549 2168 vel
574 2123 827 2185 Synagogae
853 2121 1063 2168 Ecclesiae
1088 2122 1511 2168 commutationem
1533 2121 1768 2186 providet·
1794 2125 1892 2170 Pro

481 2200 701 2245 Octavi's'.
729 2201 798 2244 De
823 2197 1030 2246 adventu
1056 2197 1156 2243 Filii
1177 2198 1264 2244 Dei
1291 2198 1586 2261 pronuntiat,
1613 2198 1695 2262 qui
1718 2198 1888 2247 Judaeis

478 2276 692 2322 occultus
708 2275 809 2321 fuit.
825 2276 1071 2321 Canticum
1085 2275 1458 2335 resurrectionis,
1476 2275 1620 2338 ipsius
1639 2275 1890 2323 dominicae

481 2351 834 2398 resurrectionis
856 2351 1079 2398 veritatis.
1105 2351 1272 2398 Oratio
1294 2351 1450 2412 Moysi
1468 2350 1670 2398 hominis
1694 2353 1800 2398 Dei.
1818 2352 1890 2409 Ad

483 2431 650 2491 Legem
676 2428 762 2473 Dei
787 2428 1051 2486 revertitur,
1079 2427 1243 2490 etipsa
1268 2443 1356 2472 nos
1383 2426 1710 2491 Redemptoris
1741 2444 1893 2476 resur-

483 2506 739 2551 rectionem
751 2504 942 2551 satiare⁸
960 2502 1252 2567 pronuntiat.
1269 2502 1485 2550 Psalmus
1498 2505 1548 2550 in
1566 2504 1886 2553 Salamonem.

537 2643 592 2696 (1)
622 2643 715 2684 Cod.
734 2643 856 2682 Vatic.
879 2659 887 2681 :
909 2644 1128 2693 explicatio.
1148 2642 1465 2694 Andegavensem
1480 2652 1543 2682 'ms
1559 2643 1772 2695 sequimur.

555 2705 576 2739 2
656 2717 676 2738 o
720 2733 727 2741 .
845 2733 852 2741 .

532 2702 595 2812 ((3)>
619 2705 713 2800 gocrl'i
731 2705 849 2799 νῖῑίιὲ,
871 2776 879 2798 :
900 2762 1087 2810 praedicit.
1110 2762 1185 2798 Pro
1204 2762 1368 2798 occultis,

537 2821 595 2873 (4)
623 2822 718 2862 Cod.
738 2822 861 2862 Vatic.
878 2838 886 2860 z
911 2826 1166 2859 resurrectioni
1185 2826 1334 2860 sociari.
