2054 3450
353 333 430 370 240
867 332 993 367 VITAE
1020 331 1234 368 PATRUM.

419 418 465 465 6.
485 417 709 481 Agiulfus¹
720 433 911 482 quoque
929 416 1156 464 diaconus
1169 426 1327 463 noster
1342 433 1368 464 a
1382 419 1531 464 Roma
1543 418 1752 477 veniens,

355 496 490 543 beata
518 494 656 542 nobis
685 504 958 542 sanctorum
987 509 1184 559 pignora
1209 492 1464 540 deferebat.
1499 496 1585 541 Hic
1616 511 1757 542 causa

355 572 580 619 orationis
617 582 797 619 tantum
828 570 985 618 locum
1021 586 1118 633 quo
1152 580 1340 617 sanctus
1369 570 1565 634 quiescit
1593 571 1754 631 adivit,

355 650 685 712 ingressusque
724 647 873 695 aedem
893 684 904 702 ,
945 646 1061 694 dum
1098 646 1394 694 diversorum
1426 646 1758 694 miraculorum

356 742 476 791 opus
512 724 690 771 illustre
729 723 995 789 perpendit,
1021 723 1137 770 vidit
1174 724 1461 779 immensum
1491 725 1760 771 catervatim

356 801 587 867 populum
605 801 666 848 ad
681 801 779 864 ejus
793 799 1079 864 sepulcrum,
1097 815 1152 847 ac
1173 799 1300 845 velut
1322 799 1525 846 felicium
1548 799 1760 846 examina

356 895 501 944 apum
527 878 586 925 ad
607 887 887 924 consuetum
911 875 1093 922 alveare
1115 876 1382 935 confluere3
1411 885 1457 922 et
1478 875 1611 935 alios,
1637 891 1763 939 pres-

356 956 520 1019 bytero
543 955 625 1019 qui
649 954 810 1001 aderat
834 953 1143 1013 ministrante,
1163 952 1415 1017 particulas
1432 968 1548 998 cerae
1570 968 1657 1016 pro
1679 951 1762 998 be·

359 1032 627 1080 nedictione
649 1047 851 1090 sumere,
869 1030 984 1077 alios
1004 1045 1256 1094 parumper
1268 1029 1489 1093 pulveris,
1510 1026 1765 1075 nonnullos

362 1109 597 1173 disruptas
629 1107 689 1154 ab
721 1107 964 1172 opertorio
987 1108 1086 1170 ejus
1110 1105 1319 1152 fimbrias
1343 1121 1528 1170 capere,
1563 1114 1610 1151 et
1635 1104 1764 1152 abire

360 1186 558 1233 ferentes
589 1184 635 1230 in
669 1182 937 1248 disparibus
964 1183 1115 1230 causis
1139 1199 1284 1230 unam
1315 1182 1510 1245 gratiam
1535 1181 1760 1228 sanitatis.

360 1266 467 1310 Haec
501 1261 578 1307 ille
607 1256 819 1320 cernenS,
854 1260 947 1306 fide
977 1268 1308 1323 compunctus,
1347 1259 1626 1320 lacrymans,
1663 1257 1759 1303 ait:

364 1361 384 1383 «
416 1339 463 1385 Si
489 1338 782 1384 marinorum
801 1353 876 1383 me
899 1335 1045 1382 moles
1069 1335 1298 1381 fluctuum
1315 1334 1496 1381 sulcare
1515 1333 1662 1381 tonsis
1684 1349 1764 1380 ac-

360 1425 461 1462 tum
488 1414 581 1460 mei
603 1413 860 1460 sacerdotis
890 1412 1081 1459 devotio
1109 1412 1233 1471 fecit,
1263 1420 1316 1458 ut
1338 1410 1530 1458 lustrata
1554 1410 1767 1456 Orienta-

361 1492 476 1539 lium
507 1501 766 1554 martyrum
795 1489 1026 1555 sepulcra,
1060 1488 1240 1552 aliquid
1272 1488 1333 1536 de
1354 1488 1530 1535 eisdem
1562 1487 1768 1552 pignoris

362 1568 544 1616 deferre
580 1567 832 1626 deberem,
865 1582 949 1613 cur
984 1582 1081 1611 non
1106 1564 1335 1612 Gallicani
1368 1564 1461 1612 mei
1490 1562 1769 1611 consessoris

363 1645 563 1709 pignora
593 1644 796 1708 capiam,
824 1660 907 1708 per
938 1660 1040 1707 quae
1065 1640 1179 1687 mihi
1209 1641 1417 1705 meisque
1441 1639 1563 1687 salus
1591 1639 1770 1703 integra

364 1720 633 1785 reparetur?
658 1722 712 1766 Et
737 1721 891 1767 statim
915 1718 1160 1773 accedens,
1182 1716 1412 1782 quasdam
1437 1716 1496 1764 de
1518 1715 1765 1776 herbulis’,

364 1814 481 1861 quas
502 1797 692 1844 devotio
716 1796 883 1862 populi
912 1812 1095 1843 sacrum
1124 1796 1233 1858 jecit
1259 1796 1306 1841 in
1341 1793 1593 1852 tumulum,
1626 1808 1768 1839 manu

365 1874 513 1921 linteo
531 1883 712 1938 operta,
737 1872 978 1920 sacerdote
994 1872 1262 1937 porrigente
1285 1869 1504 1934 suscepit,
1522 1869 1770 1934 repositas-

366 1965 459 2012 que
484 1948 734 2010 diligenter
763 1947 962 1994 domum
985 1945 1151 1993 detulit
1178 1962 1189 1992 ε
1230 1943 1309 1991 sed
1334 1944 1488 2004 statim
1517 1942 1660 1988 fidem
1677 1942 1769 1988 ho-

372 2025 512 2071 minis
534 2023 871 2071 miraculorum
889 2024 1010 2070 actio
1034 2021 1372 2085 comprobavit·
1390 2023 1505 2066 Nam
1528 2017 1772 2082 discerptis

369 2100 428 2148 de
447 2100 520 2147 his
544 2100 682 2158 foliis,
705 2099 968 2164 frigoriticis
983 2115 1091 2145 cum
1106 2113 1238 2161 aquae
1260 2105 1377 2162 potu
1401 2095 1641 2160 porrectis,
1658 2110 1768 2158 pro-

368 2177 495 2224 tinus
517 2193 626 2224 cum
651 2176 816 2223 haustu
842 2175 1035 2222 salutem
1066 2174 1257 2233 invexit,
1283 2173 1362 2219 sed
1390 2182 1435 2218 et
1462 2171 1619 2218 multis
1639 2170 1771 2217 dein·

370 2269 498 2318 ceps.
535 2252 740 2310 Quando
773 2262 928 2299 autem
954 2250 1093 2298 nobis
1123 2250 1223 2296 haec
1252 2248 1425 2308 retulit,
1450 2248 1548 2311 jam
1569 2255 1774 2311 quatuor

374 2329 543 2377 exinde
557 2346 697 2376 sanos
716 2329 862 2375 factos
879 2327 940 2375 ab
954 2327 1043 2374 hac
1056 2326 1323 2373 infirmitate
1336 2325 1557 2373 narravit.
1570 2326 1775 2371 Joannes

371 2415 526 2453 autem
551 2405 792 2471 presbyter
814 2415 992 2464 noster,
1015 2404 1129 2450 dum
1149 2402 1210 2450 ab
1234 2402 1351 2450 urbe
1371 2401 1644 2449 Massiliensi
1663 2417 1774 2448 cum

373 2483 659 2529 commercio
684 2482 1014 2545 negotiationis
1034 2497 1128 2528 suae
1154 2480 1342 2540 rediret,
1382 2478 1442 2525 ad
1465 2478 1602 2541 hujus
1625 2476 1775 2523 sancti
1834 2534 1835 2538 Ἰ

373 2560 639 2624 sepulcrum
656 2560 704 2606 in
717 2560 929 2607 oratione
942 2558 1270 2624 prosternitur,
1284 2556 1344 2603 de
1357 2572 1451 2619 qua
1466 2570 1769 2617 consurgens,

428 2733 486 2786 (1)
518 2734 614 2772 Editi
638 2736 833 2786 Algalsus,
858 2733 942 2786 (R.)

428 2794 486 2847 (2)
516 2795 613 2834 Vide
629 2795 699 2834 lib.
722 2798 791 2833 VH
809 2795 905 2847 Hist.
929 2807 1013 2846 cap.
1036 2807 1110 2842 xu,
1128 2801 1167 2833 et
1183 2791 1231 2831 de
1249 2792 1358 2831 Glor.
1381 2791 1484 2832 conf.
1500 2804 1584 2843 cap.
1606 2804 1643 2830 L.

478 2969 483 2976 '
508 2973 533 2992 h
