2054 3450
440 386 517 424 140
954 385 1084 422 VITAE
1110 386 1332 425 PATRUM.

435 473 550 532 vita,
578 472 617 518 si
642 487 698 519 ea
720 471 848 520 unde
871 482 981 520 aestu
1004 473 1183 520 inimici
1198 473 1379 538 expulsi
1401 474 1575 521 fuimus
1596 491 1696 522 non
1715 491 1847 539 repe-

437 547 629 594 tamus?
653 568 676 591 >³

503 625 553 671 2.
586 627 717 671 Tunc
740 625 908 672 armati
926 624 1095 672 vexillo
1118 626 1288 685 crucis,
1309 626 1507 690 sumptis
1527 626 1576 672 in
1600 642 1745 674 manu
1766 627 1847 674 ba-

439 702 574 764 cillis,
601 704 799 768 regressi
826 714 938 750 sunt
972 703 1035 750 ad
1073 720 1302 751 eremum.
1325 703 1509 761 Quibus
1547 704 1847 752 venientibus

437 779 609 826 iterum
649 795 731 827 eos
760 779 940 827 insidiae
971 780 1200 827 daemonis
1229 778 1464 844 lapidibus
1495 789 1741 844 coeperunt
1767 797 1846 827 ur-

438 872 547 919 gere
570 874 583 902 :
605 856 688 904 sed
711 857 1012 921 persistentes
1035 857 1084 902 in
1111 856 1346 917 oratione,
1365 855 1675 902 obtinuerunt
1696 872 1726 903 a
1745 859 1846 904 Do-

439 932 557 978 mini
592 931 913 979 misericordia
952 941 1031 991 ut,
1069 941 1254 979 remota
1287 931 1575 990 tentatione,
1612 931 1750 979 liberi
1787 932 1849 980 ad

439 1008 574 1055 illum
605 1009 753 1055 divini
775 1008 929 1055 cultus
952 1007 1230 1084 famulatum
1253 1008 1552 1073 expeditique
1575 1025 1846 1073 persevera-

438 1095 559 1132 rent.
581 1085 663 1132 His
680 1085 886 1149 denique
905 1085 952 1132 in
974 1086 1191 1132 oratione
1215 1085 1508 1144 vacantibus,
1523 1096 1769 1150 coeperunt
1787 1086 1847 1133 ad

437 1178 520 1208 eos
549 1161 698 1209 turbae
730 1162 926 1209 fratrum
961 1162 1075 1208 hinc
1109 1172 1156 1208 et
1183 1161 1295 1209 inde
1331 1159 1591 1221 confluere,
1619 1171 1663 1209 et
1684 1162 1848 1211 audire

437 1238 637 1285 verbum
672 1238 1016 1303 praedicationis
1047 1238 1108 1286 ab
1140 1238 1223 1285 eis.
1250 1241 1466 1302 Cumque
1485 1239 1582 1302 jam
1601 1239 1728 1286 beati
1748 1256 1848 1287 ere-

438 1315 563 1363 mitae
599 1315 807 1380 populis,
835 1324 885 1361 ut
905 1314 1127 1372 diximus,
1156 1313 1380 1379 publicati
1406 1314 1616 1373 fuissent,
1637 1315 1850 1363 fecerunt

438 1391 529 1437 sibi
552 1392 912 1450 monasterium,
938 1391 1070 1455 quod
1095 1391 1444 1438 Condatiscone
1468 1392 1663 1438 vocitari
1683 1392 1848 1440 volue-

438 1477 575 1526 runt,
608 1468 658 1513 in
685 1483 809 1531 quo,
843 1468 1033 1515 succisis
1064 1468 1190 1514 silvis
1215 1478 1261 1514 et
1286 1468 1335 1514 in
1360 1468 1503 1532 plana
1530 1467 1752 1529 redactis,
1788 1469 1848 1516 de

437 1544 684 1591 laboribus
722 1561 953 1592 manuum
991 1545 1292 1609 propriarum
1325 1545 1505 1591 victum
1535 1545 1843 1608 quaerebant3

436 1631 690 1686 tantusque
709 1622 866 1668 fervor
884 1621 944 1668 de
969 1621 1056 1668 Dei
1079 1637 1242 1668 amore
1265 1622 1505 1686 proximos
1528 1621 1747 1668 locorum
1769 1638 1846 1669 ac-

437 1697 690 1755 cenderat,
734 1707 787 1744 ut
820 1708 1104 1761 congregata
1138 1698 1199 1744 ad
1232 1697 1445 1745 officium
1475 1698 1564 1744 Dei
1590 1698 1847 1746 multitudo

436 1775 574 1822 simul
596 1774 811 1822 habitare
833 1791 931 1821 non
963 1784 1122 1839 posset
1150 1794 1161 1820 ε
1189 1775 1494 1837 feceruntque
1522 1774 1691 1822 iterum
1717 1775 1846 1823 aliud

436 1852 802 1908 monasterium,
832 1852 879 1898 in
909 1868 1006 1915 quo
1031 1851 1176 1898 felicis
1203 1852 1398 1898 alvearis
1419 1867 1615 1898 examen
1637 1852 1849 1899 institue-

436 1938 565 1975 runt.
587 1929 680 1975 Sed
701 1928 840 1974 ethis
858 1928 1084 1992 deinceps
1103 1945 1211 1974 cum
1231 1928 1317 1974 Dei
1337 1928 1574 1991 adjutorio
1591 1929 1842 1992 ampliatis,

436 2006 627 2051 tertium
657 2005 779 2051 intra
806 2004 1090 2051 Alemanniae
1115 2005 1372 2052 terminum
1406 2005 1746 2051 monasterium
1777 2004 1847 2052 lo-

437 2090 681 2127 caverunt.
707 2080 941 2144 Ibantque
962 2081 1167 2135 vicissim
1188 2081 1238 2127 hi
1260 2081 1357 2128 duo
1381 2091 1536 2146 patres
1555 2083 1846 2146 requirentes

435 2156 577 2217 filios,
603 2173 724 2219 quos
749 2157 920 2211 divinis
949 2156 1218 2204 imbuerent
1238 2158 1513 2222 disciplinis,
1536 2158 1846 2223 praedicantes

433 2234 483 2280 in
508 2234 703 2296 singulis
722 2235 1019 2281 monasteriis
1039 2250 1094 2281 ea
1113 2251 1216 2297 quae
1233 2234 1292 2281 ad
1315 2235 1658 2283 institutionem
1677 2236 1845 2283 animae

435 2311 754 2375 pertinebant.
779 2311 1033 2376 Lupicinus
1065 2321 1222 2358 tamen
1258 2311 1405 2358 abbas
1431 2329 1573 2376 super
1608 2329 1690 2359 eos
1720 2312 1844 2360 obti-

437 2389 542 2434 nuit
565 2387 906 2434 monarchiam.
933 2391 1050 2435 Erat¹
1066 2398 1225 2435 autem
1244 2388 1380 2436 valde
1406 2388 1608 2450 sobrius,
1624 2399 1671 2436 et
1689 2405 1717 2436 a
1733 2388 1844 2436 cibo

436 2474 650 2529 potuque
675 2463 932 2521 abstinens,
954 2466 1018 2511 ita
1048 2475 1099 2511 ut
1130 2465 1409 2528 plerumque
1432 2466 1564 2512 tertia
1585 2465 1663 2512 die
1684 2465 1846 2513 refice-

436 2552 582 2589 retur.
612 2544 733 2589 Cum
767 2551 925 2588 autem
956 2558 1083 2600 eum,
1119 2542 1238 2588 sicut
1273 2542 1486 2605 corporis
1516 2542 1715 2588 humani
1750 2541 1843 2588 de-

435 2619 588 2681 poscit
611 2619 880 2676 necessitas,
916 2619 1014 2664 sitis
1043 2618 1287 2682 arriperet,
1311 2634 1393 2665 vas
1426 2635 1537 2664 cum
1566 2634 1688 2681 aqua
1715 2618 1848 2673 exhi<

435 2696 537 2741 beri
555 2695 770 2752 faciebat,
789 2697 836 2741 in
851 2712 947 2759 qua
963 2712 1130 2742 manus
1146 2696 1388 2741 immersas
1403 2695 1578 2741 diutius
1591 2695 1839 2743 retinebat.

435 2772 605 2817 Mirum
627 2770 779 2819 dictu!
811 2774 873 2819 ita
906 2771 1190 2819 absorbebat
1223 2787 1334 2818 caro
1368 2772 1467 2835 ejus
1497 2789 1670 2836 aquam
1692 2789 1842 2838 appo-

438 2848 591 2908 sitam,
621 2859 674 2894 ut
696 2858 880 2913 putares
900 2865 1005 2895 eam
1030 2865 1115 2913 per
1139 2865 1192 2895 os
1214 2848 1313 2911 ejus
1330 2850 1520 2908 assumi,
1547 2859 1594 2896 et
1609 2850 1676 2897 sic
1699 2849 1842 2897 ardor
