2054 3450
405 294 454 329 88
768 296 835 330 DE
861 295 1046 332 GLORIA
1074 296 1427 335 CONFESSORUM
1434 326 1443 336 .

403 378 663 441 vigiliarum
684 389 840 440 nocte,
860 379 974 427 dum
999 380 1202 446 psalmos
1231 381 1443 430 lectionis
1465 383 1696 432 Davidicae
1723 384 1805 432 de-

402 470 661 521 cantarent,
686 462 898 510 stationis
933 463 1096 512 labore
1122 464 1229 510 lassi
1254 463 1429 525 clerici,
1454 468 1587 530 quasi
1608 484 1695 532 pro
1719 467 1800 515 ali·

403 552 499 599 quo
541 536 847 599 relevamine,
889 556 938 586 se
983 556 1123 604 super
1157 540 1424 604 sepulcrum
1459 543 1607 590 sancti
1644 543 1810 591 defixis

403 611 620 659 ulnarum
657 614 964 680 compagibus
997 624 1326 664 sustentarent.
1355 619 1654 666 Contremuit
1682 619 1808 667 illico

403 687 527 736 beati
561 689 770 737 tumulus
797 691 1103 752 confessoris,
1147 703 1194 740 et
1230 692 1320 740 sibi
1363 694 1581 758 injuriam
1613 697 1809 761 irrogari

404 766 618 830 praesenti
657 766 914 815 vibratione
953 768 1136 815 fatetur,
1189 773 1243 816 At
1278 771 1544 818 Germanus
1577 773 1808 836 pontifex,

404 858 580 907 pavore
609 844 896 907 perterritus,
922 846 1130 892 amoveri
1153 845 1356 911 desuper
1376 849 1594 913 praecepit
1618 865 1811 904 somno·

406 918 573 973 lentos,
599 919 760 967 dicens
785 938 795 967 ε
818 920 1080 976 «Absistite,
1108 939 1137 969 o
1160 939 1340 986 segnes,
1361 924 1526 988 procul
1547 941 1574 972 a
1600 925 1805 985 tumulo,

407 1011 465 1041 ue
487 1005 650 1042 sancto
672 997 759 1043 Dei
774 997 986 1045 molestia
1008 998 1248 1045 inferatur.
1266 1018 1288 1042 »
1310 999 1494 1057 Quibus
1515 1001 1701 1061 amotiS,
1719 1010 1811 1048 tre·
1890 1001 1891 1006 ’

406 1087 589 1118 morem
621 1072 753 1119 illum
788 1073 1011 1139 deinceps
1041 1091 1139 1121 non
1163 1085 1425 1124 senserunt.
1449 1077 1542 1132 Sed
1576 1094 1665 1124 nec
1696 1077 1812 1125 illud

407 1148 579 1212 placuit
609 1150 861 1214 praeteriri,
893 1151 1024 1215 quod
1055 1151 1243 1199 cuidam
1277 1153 1475 1217 pauperi
1512 1153 1639 1200 idem
1664 1157 1814 1202 Lusor

405 1222 570 1270 beatus
615 1241 700 1289 per
741 1225 892 1272 visum
943 1227 1187 1291 apparuit,
1235 1229 1548 1294 praecepitque
1595 1228 1812 1277 cellulam

404 1299 652 1347 emundari
692 1301 739 1347 in
768 1318 879 1365 qua,
906 1311 958 1348 ut
992 1302 1170 1360 ferunt,
1197 1304 1400 1352 infantiae
1428 1306 1611 1368 vagitus
1646 1321 1810 1368 exege-

406 1385 478 1424 rat
505 1395 515 1423 :
548 1377 629 1424 sed
655 1394 765 1424 cum
794 1395 974 1444 pauper
993 1379 1069 1426 ille
1096 1379 1168 1427 bis
1190 1382 1508 1428 commonitus
1530 1398 1666 1444 agere
1683 1382 1813 1445 jussa

406 1453 644 1510 differret,
669 1455 885 1519 apparuit
916 1457 958 1502 ei
984 1457 1147 1515 tertio,
1181 1456 1374 1504 dicens:
1405 1458 1490 1504 «Si
1515 1458 1676 1511 feceris
1707 1475 1812 1523 quae

406 1530 650 1594 praecipio,
691 1547 841 1577 unum
883 1532 1102 1579 triantem
1132 1549 1220 1597 pro
1261 1532 1541 1581 obedientiae
1584 1533 1809 1582 famulatu

407 1606 648 1669 recipies.»
664 1605 744 1653 Ille
761 1623 873 1653 vero
887 1623 1192 1670 consurgenS,
1207 1609 1375 1657 cellula
1393 1610 1547 1675 scopis
1563 1610 1806 1671 mundata,

406 1680 564 1728 abluta
587 1697 726 1745 aqua,
746 1682 1000 1747 herbisque
1033 1700 1261 1749 respersa,
1285 1685 1435 1733 stabat
1463 1687 1686 1734 attonitus
1713 1687 1814 1752 pol-

407 1758 580 1805 licitam
607 1759 969 1822 promissionem
1002 1761 1270 1826 opperiens,
1297 1761 1451 1810 donec
1474 1772 1591 1810 nutu
1616 1763 1702 1810 Dei
1726 1763 1813 1810 ad-

407 1835 543 1882 vertit
567 1836 787 1882 triantem
823 1836 870 1883 in
911 1837 1182 1901 pavimento
1214 1838 1388 1898 lucere,
1424 1855 1566 1903 quem
1590 1839 1814 1902 colligens

407 1910 538 1958 laetus
559 1910 793 1958 abscessit.

950 2029 1104 2064 CAPUT
1127 2030 1264 2067 xcm.

747 2125 801 2159 De
815 2125 1010 2160 Maximino
1029 2126 1266 2163 Treverorum
1285 2127 1468 2176 episcopo.

472 2236 552 2281 Est
579 2244 625 2281 et
647 2234 774 2299 apud
804 2235 971 2283 urbem
991 2238 1284 2286 Trevericam
1317 2238 1596 2286 suburbano
1625 2249 1812 2288 sanctus

407 2310 705 2371 Maximinus,
721 2327 920 2375 magnus
949 2330 1059 2360 cum
1087 2315 1294 2362 Domino
1325 2316 1491 2380 populi
1523 2316 1645 2363 illius
1665 2316 1809 2364 advo-

407 2397 562 2445 catus,
599 2387 661 2434 ad
697 2387 829 2450 cujus
861 2388 1099 2436 tumulum
1136 2407 1256 2455 saepe
1291 2402 1551 2439 cernuntur
1587 2384 1812 2440 miracula

408 2463 625 2526 gloriosa.
653 2466 883 2528 Tempore
909 2466 1036 2512 enim
1056 2466 1374 2516 Theodoberti
1403 2470 1522 2532 regis
1545 2469 1811 2516 Arboastes¹

407 2538 601 2602 quidam
634 2540 877 2604 presbyter
909 2558 1019 2588 cum
1054 2545 1234 2590 Franco
1267 2543 1477 2608 quodam
1514 2544 1806 2604 intendebat,

408 2631 515 2678 rege
533 2627 774 2680 praesente.
799 2620 854 2664 At
877 2617 991 2664 dum
1015 2617 1113 2666 haec
1132 2629 1395 2684 agerentur,
1425 2637 1503 2667 rex
1524 2620 1629 2667 loca
1651 2629 1811 2668 sancta

461 2756 514 2802 (1)
534 2755 710 2807 Plerique
721 2755 837 2808 (inter
845 2771 883 2808 q.
899 2758 1018 2811 2204)
1028 2759 1240 2807 Arboasti53
1254 2760 1363 2801 Colb.
1378 2769 1450 2800 tut.
1454 2776 1469 2808 ‚·
1484 2760 1713 2811 Arbogastis.
1726 2759 1811 2813 (R.)
