2054 3450
392 332 467 369 368
718 321 727 328 ’
905 331 1032 367 VITAE
1059 331 1273 368 PATRUM.

392 434 478 464 vos
503 417 717 482 dirigam.
754 438 774 460 »
803 416 894 464 Sed
914 427 963 464 et
985 418 1084 482 ipse
1111 435 1211 464 non
1238 428 1306 465 est
1324 435 1532 482 egressus
1551 423 1611 470 ab
1636 434 1795 472 orato-

391 494 480 551 rio,
501 494 760 558 deprecans
782 493 1044 540 Dominum
1062 503 1236 540 attente
1260 511 1314 541 ac
1336 496 1607 558 praestolans
1626 500 1797 547 adven-

393 582 493 618 tum
529 571 629 634 ejus
667 570 1015 617 misericordiae.
1055 571 1130 616 Sic
1173 570 1278 616 fecit
1316 589 1400 635 per
1436 573 1642 637 integros
1677 577 1797 624 duos

391 647 492 694 dies
515 647 806 710 totidemque
833 657 1009 693 nocteS.
1046 647 1197 693 Tertia
1229 647 1328 710 jam
1367 648 1661 698 illucescente
1699 651 1794 712 die,

392 725 583 771 accessit
606 724 778 770 iterum
803 723 1067 770 monachus
1093 723 1170 770 ille
1193 724 1273 788 qui
1299 734 1456 771 custos
1482 725 1649 785 fuerat,
1675 743 1796 773 nun-

392 801 513 846 tians
538 810 689 847 rotam
709 800 893 847 fabricae
911 817 1002 846 suae
1018 801 1149 863 juxta
1174 801 1568 848 consuetudinem
1591 803 1799 867 priorem

392 879 440 924 in
475 894 661 924 summa
701 877 816 923 verti
852 877 1115 923 velocitate.
1159 881 1473 942 Egressusque
1506 878 1653 926 abbas
1691 896 1801 926 cum

394 954 614 1001 fratribus
640 954 698 999 de
723 954 931 1000 oratorio
954 954 1134 1001 accedit
1153 955 1214 1001 ad
1237 955 1385 1016 littus,
1413 956 1803 1020 conspiciensque

393 1030 723 1077 molendinum
741 1031 871 1095 quod
889 1030 1143 1077 Sichlarius
1163 1031 1348 1090 Fecerat,
1377 1049 1473 1078 non
1497 1033 1668 1098 reperit
1691 1049 1702 1078 z
1728 1048 1804 1079 ac-

393 1106 660 1171 cedensque
675 1108 734 1154 ad
754 1107 901 1162 littus,
927 1117 972 1153 et
992 1107 1192 1154 fundum
1211 1108 1329 1155 alvei
1349 1109 1555 1171 intuens,
1575 1109 1805 1156 indicium

394 1183 578 1229 nullum
603 1184 663 1230 de
685 1200 743 1230 eo
772 1184 966 1248 accepit.
1006 1187 1075 1230 De
1104 1201 1200 1248 quo
1237 1202 1333 1231 non
1374 1185 1635 1250 quidquam
1671 1185 1802 1248 ligni,

396 1277 491 1306 non
518 1260 701 1325 lapidis,
728 1277 825 1307 non
846 1260 971 1319 ferri,
996 1259 1067 1306 vel
1088 1260 1225 1307 ullius
1248 1277 1459 1325 unquam
1478 1278 1626 1324 genus
1645 1261 1807 1308 indicii

395 1338 548 1401 potuit
585 1337 786 1397 ostendi,
816 1338 904 1384 nisi
929 1337 1060 1401 quod
1086 1338 1257 1400 conjici
1280 1338 1450 1403 potuit,
1478 1339 1581 1402 ipso
1607 1355 1704 1401 quo
1735 1338 1805 1384 fa-

394 1413 626 1461 bricatum
644 1414 792 1460 fuerat
814 1413 940 1472 loco,
962 1415 1133 1459 virtute
1156 1413 1317 1461 divina
1339 1414 1586 1460 dehiscens
1608 1413 1668 1461 ab
1693 1430 1807 1460 ocu-

396 1490 451 1537 lis
478 1492 727 1538 bominum
757 1501 826 1537 est
852 1490 1080 1537 ablatum.
1109 1493 1241 1537 Tunc
1265 1491 1390 1537 misit
1418 1491 1612 1537 nuntios
1635 1490 1696 1538 ad
1717 1491 1808 1537 fra-

397 1578 504 1623 tres,
546 1568 736 1614 dicens:
781 1587 802 1610 «
838 1566 1164 1629 Requiescite
1149 1583 1245 1629 jam
1271 1583 1299 1613 a
1323 1567 1514 1629 labore,
1553 1570 1665 1632 quia
1688 1567 1810 1614 ultus

397 1653 464 1689 est
483 1646 609 1690 Deus
634 1643 853 1707 injuriam
879 1642 1073 1688 fratrum
1100 1652 1448 1689 nostrorum.»

463 1722 511 1768 3.
550 1721 631 1766 His
665 1730 710 1766 et
744 1718 914 1766 talibus
941 1719 1190 1766 virtutibus
1213 1719 1453 1785 praeditus,
1479 1695 1809 1768 consummato

399 1813 538 1853 cursu
561 1797 682 1855 vitae,
711 1797 926 1860 migravit
946 1796 1006 1842 ad
1028 1796 1317 1842 Dominum.
1338 1796 1398 1843 ad
1418 1796 1551 1860 cujus
1573 1795 1810 1843 tumulum

399 1884 563 1939 postea
588 1883 633 1920 et
656 1873 961 1937 energumeni
995 1873 1143 1920 sanati
1165 1883 1211 1919 et
1243 1874 1350 1919 caeci
1387 1872 1634 1920 illuminati
1672 1882 1808 1932 sunt3

400 1962 506 2016 post
523 1952 654 2015 cujus
677 1951 863 1997 obitum
886 1951 1120 2015 praepositi
1147 1951 1228 2014 qui
1252 1966 1337 2014 per
1355 1951 1641 1997 monasteria
1657 1959 1808 2010 erant,

400 2027 625 2075 abbatum
645 2027 872 2088 officium,
892 2028 1123 2092 episcopis
1139 2026 1462 2089 largientibus,
1483 2035 1807 2091 susceperunt.

402 2104 494 2150 Sed
526 2114 570 2150 et
613 2104 885 2168 Leopatius¹
931 2103 1061 2168 apud
1094 2104 1401 2168 Senaparium
1443 2103 1808 2160 monasterium,

403 2181 535 2245 quod
557 2181 676 2227 infra
709 2180 1000 2227 territorium
1032 2180 1318 2226 Turonicum
1356 2189 1478 2240 erat,
1513 2179 1658 2226 abbas
1681 2179 1812 2226 insti-

404 2258 565 2316 tuitur,
602 2259 649 2303 in
678 2273 863 2304 summa
893 2258 1134 2304 sanctitate
1177 2273 1232 2304 ac
1262 2266 1499 2304 senectute
1530 2256 1811 2322 perdurans,

405 2334 565 2398 ibique
588 2345 633 2381 et
655 2334 772 2381 obiit
794 2350 847 2381 ac
872 2334 1080 2399 sepultus
1103 2344 1187 2380 est.

462 2523 520 2576 (1)
551 2524 621 2562 Hic
639 2537 772 2562 omnes
790 2527 880 2564 Mss.
904 2528 1128 2574 Leopattus;
1152 2523 1214 2562 ed.
1236 2522 1455 2562 Leubatius.
1477 2521 1563 2574 (R.)
