2054 3450
423 358 472 394 22
750 385 757 391 ,
789 357 855 391 DE
883 354 1070 392 GLORIA
1098 353 1465 392 CONFESSORUM.

425 455 469 492 et
503 445 545 491 ei
579 443 695 507 quid
730 442 918 507 patiaris
949 440 1196 504 diligenter
1222 456 1405 486 enarra.
1446 443 1549 505 lpse
1578 441 1705 487 enim
1745 440 1829 487 tibi

427 519 654 586 praebebit
670 519 890 565 vestitum
909 517 1263 577 etalimentum,
1279 517 1537 581 eripietque
1553 526 1598 563 te
1611 516 1669 564 de
1688 534 1828 564 manu

426 596 744 642 inimicorum.
756 614 777 638 »
790 595 1005 659 Denique
1018 594 1109 641 hac
1127 592 1456 641 admonitione
1469 591 1680 641 firmatus
1692 611 1827 659 puer,

423 672 483 719 ad
524 689 683 736 regem
718 672 966 730 accedens,
1014 688 1120 735 quae
1151 670 1375 733 suggessit
1404 669 1627 717 obtinuit.
1661 672 1754 718 Sed
1787 683 1833 719 et

424 766 553 796 nunc
575 749 634 797 ad
661 749 928 815 sepulcrum
962 748 1088 797 beati
1112 747 1395 795 confessoris
1428 745 1577 794 multa
1609 749 1832 796 miracula

423 825 608 873 Christo
630 827 821 891 auspice
846 826 1132 872 tribuuntur.
1156 826 1272 873 Nam
1290 834 1337 871 et
1361 824 1643 871 miserorum
1667 823 1733 871 ibi
1756 841 1834 874 ca·
1861 836 1863 839 ’

424 912 542 950 tenae
575 913 879 967 rumpuntur,
926 902 1034 949 caeci
1068 901 1410 959 illuminantur,
1447 900 1688 948 daemones
1717 901 1834 948 effu-

423 990 610 1044 gantur,
643 980 829 1027 sanitati
856 979 1122 1026 redduntur
1151 979 1412 1043 paralytici,
1439 978 1729 1043 perferentes
1759 995 1837 1026 ac-

423 1073 580 1103 cessus
604 1055 807 1102 febrium
832 1054 1110 1102 liberantur.
1138 1058 1187 1102 ln
1212 1054 1428 1119 quoloco
1453 1063 1549 1102 tam
1567 1054 1837 1118 frequenter

424 1132 741 1180 ostenduntur
762 1132 1005 1191 miracula,
1028 1142 1080 1179 ut
1103 1149 1157 1178 ex
1188 1132 1355 1179 ordine
1381 1131 1520 1179 scribi
1542 1132 1736 1194 longum
1759 1131 1832 1178 sit.

423 1213 598 1256 Tamen
623 1209 782 1257 retulit
816 1209 934 1256 mihi
959 1210 1029 1256 vir
1057 1208 1208 1257 fidelis
1234 1218 1439 1272 quatuor
1467 1207 1534 1255 ibi
1555 1224 1705 1255 caecos
1728 1217 1837 1255 ante

427 1302 604 1350 paucos
647 1286 749 1333 dies
789 1286 929 1333 fuisse
971 1285 1284 1346 illuminatos,
1332 1296 1379 1332 et
1418 1285 1550 1349 quod
1590 1285 1837 1331 hominem

423 1379 567 1426 quem
607 1363 831 1410 claudum
863 1363 979 1409 olim
1010 1372 1227 1424 noverat,
1261 1362 1551 1410 incolumem
1580 1378 1733 1427 nuper
1769 1377 1839 1418 as-

425 1436 567 1503 pexit'.

987 1553 1142 1588 CAPUT
1166 1552 1280 1588 LXII.

723 1654 776 1688 De
793 1653 954 1701 sepulcro
970 1654 1063 1689 Helii
1080 1652 1236 1702 ejusdem
1255 1653 1355 1688 urbis
1371 1653 1540 1701 episcopi.

492 1774 618 1819 Dum
640 1773 846 1836 quadam
872 1775 976 1821 vice
999 1774 1062 1821 ad
1090 1791 1343 1821 occursum
1369 1773 1624 1838 supradicti
1646 1771 1840 1838 pontifi-

426 1848 493 1895 cis
523 1849 854 1910 ambulassem,
889 1861 936 1898 et
969 1852 1076 1898 loca
1101 1861 1262 1898 sancta
1293 1850 1620 1914 Lugdunensis
1652 1850 1837 1915 oppidi¹

426 1926 694 1984 circuirem,
735 1928 808 1974 vir
839 1927 916 1974 ille
948 1928 1030 1991 qui
1065 1945 1151 1974 uos
1185 1927 1495 1992 praecedebat,
1533 1927 1594 1974 ad
1623 1937 1836 1993 cryptam

428 2001 551 2049 beati
594 2003 738 2050 Helii’
767 2004 933 2050 invitat
961 2003 1021 2050 ad
1049 2005 1340 2064 orationem,
1381 2004 1543 2051 dicens
1584 2005 1696 2068 quia
1738 2021 1838 2052 ma-

427 2095 546 2140 gnus
576 2080 794 2126 sacerdos
817 2081 865 2126 in
889 2080 984 2126 hoc
1010 2080 1118 2127 loco
1144 2081 1357 2144 quiescit.
1384 2083 1600 2145 Cumque
1624 2081 1839 2128 oratione

429 2155 549 2203 sacta
581 2156 730 2203 sancti
751 2156 987 2203 tumulum
1019 2157 1296 2216 admirarer,
1321 2167 1367 2205 et
1388 2158 1556 2204 tacitus
1579 2157 1638 2204 de
1664 2159 1840 2205 meritis

427 2232 527 2295 ejus
546 2232 724 2296 aliquid
741 2233 1028 2297 interrogare
1041 2234 1317 2296 cogitarem,
1338 2235 1514 2298 aspicio
1531 2235 1579 2281 in
1600 2235 1721 2282 ostio
1739 2250 1838 2282 esse

428 2310 654 2373 scriptum
687 2311 888 2373 qualiter
920 2310 1122 2375 sepulcri
1156 2310 1360 2375 violator
1393 2311 1594 2359 cadaver
1629 2312 1838 2377 spoliarit

428 2387 659 2434 exanime.
694 2388 1078 2450 Inquirens·vero
1105 2405 1312 2447 causam,
1347 2390 1385 2436 si
1415 2389 1516 2436 haec
1548 2405 1659 2436 vera
1686 2401 1840 2438 essent
1900 2407 1903 2410 ·

429 2480 531 2526 quae
551 2464 598 2510 in
623 2465 743 2533 ostio
763 2465 898 2529 picto
915 2464 1249 2527 cernebantur,
1277 2466 1347 2512 vir
1366 2465 1482 2513 mihi
1504 2465 1615 2514 talia
1639 2467 1795 2514 retulit
1823 2485 1834 2513 ι

428 2541 626 2586 Sanctus
651 2541 811 2588 Helius
843 2528 1057 2606 teinpore
1086 2531 1378 2606 paganorum
1398 2544 1454 2590 ‚in
1484 2530 1580 2590 liae*
1607 2543 1724 2611 urbe
1754 2544 1839 2591 suit

428 2617 693 2682 episcopus,
717 2618 1065 2682 qui—defunctus
1083 2620 1374 2684 sepultusest
1396 2637 1422 2666 a
1437 2619 1837 2691 fidelibus.·Nocte

484 2769 540 2821 (1)
570 2775 814 2822 Lugudensim
833 2776 1001 2825 opidum,
1024 2776 1144 2815 2204.
1580 2738 1590 2759 '
1626 2771 1629 2776 ’

478 2828 533 2880 (2)
559 2831 672 2881 Apud
687 2831 873 2885 quosdam
895 2846 984 2872 mss.
1007 2835 1142 2878 Helix,
1166 2835 1261 2882 Elii,
1278 2841 1317 2871 et
1333 2833 1435 2871 infra
1455 2835 1601 2873 Helias.
1614 2833 1697 2886 (R)

1795 2915 1816 2931 οὐ
