2054 3450
427 306 502 342 302
939 308 1068 343 VITAE
1095 309 1311 347 PATRUM.

427 393 670 456 utriusque
692 400 852 440 tamen
876 394 940 440 rei
966 394 1119 442 aditus
1141 396 1205 442 ita
1231 395 1446 443 obtectus
1463 408 1578 454 erat,
1605 407 1655 443 ut
1674 397 1829 444 nullus

423 468 615 516 beatum
634 470 733 532 ejus
756 470 939 517 vultum
967 480 1125 536 posset
1150 471 1410 518 advertere.
1438 475 1496 518 Et
1517 473 1630 520 dum
1651 473 1828 519 ibidem

421 545 498 591 die
520 555 761 610 noctuque
778 547 826 592 in
853 547 940 594 Dei
964 547 1103 594 laude
1126 547 1418 611 psalmorum
1442 549 1648 595 modulis
1673 549 1827 596 delec-

422 631 563 681 tatur,
600 632 895 669 tormentum
934 623 1024 670 sibi
1060 624 1193 688 quod
1227 624 1564 689 corpusculum
1587 625 1694 688 plus
1725 642 1829 688 gra-

420 708 553 746 varet
587 699 824 760 adhibuit,
862 717 961 747 non
992 701 1247 748 immemor
1283 700 1406 747 illius
1440 700 1654 766 Apostoli
1688 701 1826 760 dicti,

420 776 532 837 quia
568 795 590 821 «
616 793 715 822 non
747 787 856 823 sunt
889 777 1135 841 condignae
1161 778 1402 842 passiones
1433 777 1574 840 hujus
1605 779 1832 842 temporis

420 852 480 898 ad
516 852 724 899 futuram
755 854 952 916 gloriam
975 872 1079 918 quae
1109 854 1395 902 revelabitur
1417 854 1467 900 in
1494 853 1647 900 nobis.
1687 871 1710 897 υ
1741 856 1828 912 La-

419 928 580 992 pidem
629 946 834 993 namque
882 932 1134 994 grandem,
1179 948 1322 995 quem
1360 931 1458 977 duo
1498 929 1717 977 homines
1755 931 1828 977 vix

418 1011 575 1058 levare
602 1022 837 1076 poterant,
864 1015 1034 1061 cervici
1055 1015 1331 1078 impositum
1350 1023 1448 1060 tota
1471 1013 1566 1072 die,
1592 1013 1706 1060 dum
1728 1015 1830 1060 Deo

418 1099 637 1149 caneret,
673 1107 759 1154 per
794 1090 1012 1138 cellulam
1052 1091 1361 1156 deportabat:
1407 1099 1546 1137 nocte
1579 1100 1738 1137 autem
1770 1089 1831 1137 ad

419 1165 795 1214 additamentum
819 1168 1016 1230 injuriae,
1047 1168 1094 1214 in
1119 1170 1246 1231 virga
1276 1183 1422 1232 quam
1452 1167 1826 1231 manu‘gerebass

418 1241 536 1289 duas
560 1242 787 1290 defixerat
817 1245 983 1303 sudeS,
1016 1245 1220 1308 desuper
1248 1245 1469 1292 acumina
1503 1261 1697 1309 parans,
1726 1261 1829 1309 quae

417 1319 480 1365 ad
515 1330 728 1366 mentum
765 1337 903 1366 suum
935 1337 995 1367 ne
1031 1338 1254 1367 somnum
1287 1330 1475 1386 caperet
1512 1321 1825 1386 supponebat.

419 1396 633 1459 Denique
654 1397 714 1442 ad
743 1407 1007 1444 extremum
1032 1398 1133 1444 vitae
1155 1407 1358 1463 tempus,
1386 1407 1611 1462 corrupto
1637 1408 1830 1462 pectore

417 1488 445 1519 a
465 1473 679 1536 pondere
696 1473 811 1529 saxi,
835 1475 1111 1536 sanguinem
1132 1490 1217 1538 per
1235 1490 1290 1520 os
1309 1474 1475 1536 ejicere
1494 1474 1636 1538 coepit
1655 1492 1665 1519 :
1689 1491 1829 1538 quem

419 1565 503 1612 per
527 1550 726 1612 parietes
750 1560 998 1612 praesentes
1027 1551 1277 1615 projiciens
1299 1549 1514 1614 spuebat.
1544 1550 1637 1597 Sed
1662 1561 1708 1597 et
1730 1551 1828 1616 ple-

417 1641 618 1688 rumque
646 1624 863 1672 fidelibus
885 1627 997 1672 viris
1021 1637 1160 1673 nocte
1182 1627 1240 1674 ad
1265 1626 1486 1674 cellulam
1508 1626 1629 1674 clam
1654 1643 1828 1692 appro-

418 1702 787 1767 pinquantibus,
822 1704 955 1768 quasi
986 1720 1078 1751 vox
1109 1704 1242 1750 multi
1273 1704 1505 1769 psallentii
1542 1704 1827 1752 resonabat:

417 1779 500 1826 sed
527 1789 573 1827 et
596 1780 771 1827 multos
795 1780 1026 1838 infirmos,
1053 1790 1099 1827 et
1121 1781 1377 1846 praesertim
1395 1780 1455 1828 ab
1479 1781 1831 1828 accessionibus

417 1856 683 1919 frigoriticis
713 1857 787 1904 vel
817 1858 996 1922 pusulis
1028 1859 1161 1906 malis
1189 1875 1466 1924 oppressos,
1492 1867 1618 1905 tactu
1647 1867 1831 1906 tantum

417 1935 492 1980 vel
515 1934 650 1997 signo
672 1935 860 1982 salutari
885 1936 1125 1999 imposito,
1149 1936 1334 1982 sanitati
1355 1935 1645 1982 restituebat.

484 2015 531 2059 2.
571 2013 691 2057 Cum
725 2022 885 2058 autem
914 2013 1013 2075 jam
1045 2013 1175 2058 senio
1200 2012 1453 2058 inclinatus
1481 2021 1619 2070 esset,
1645 2012 1831 2059 vocavit

420 2087 687 2134 ministrum
711 2105 850 2134 suum
867 2126 879 2149 ,
908 2088 1070 2135 dicens
1091 2107 1101 2134 :
1133 2109 1157 2132 (ι
1179 2089 1418 2136 Praeterito
1443 2098 1659 2152 tempore
1685 2104 1828 2135 occu-

418 2163 575 2222 lendi,
620 2165 950 2212 manifestandi
983 2174 1170 2229 tempus
1203 2165 1410 2212 advenit.
1450 2165 1577 2211 Scito
1607 2181 1717 2228 ergo
1755 2181 1830 2211 me

419 2252 528 2306 post
553 2242 762 2289 triduum
786 2242 846 2288 ab
868 2242 962 2289 hoc
986 2242 1156 2289 saeculo
1186 2242 1504 2290 liberandum.
1540 2244 1672 2288 Voca
1701 2258 1830 2290 nunc

420 2317 583 2366 fideles
608 2336 821 2383 quosque
845 2320 1008 2366 fratres
1030 2330 1076 2366 et
1098 2318 1237 2378 filios,
1262 2319 1435 2384 quibus
1461 2336 1566 2366 sum
1594 2318 1699 2366 vale
1726 2319 1828 2366 dic-

421 2405 574 2454 turus,
598 2407 650 2443 ut
672 2397 863 2444 veniant
877 2397 938 2443 ad
950 2413 1038 2442 nos
1063 2397 1367 2443 visitandum.
1390 2417 1410 2440 »
1432 2397 1827 2443 lllucescenteau-

420 2482 517 2519 tem
549 2473 626 2520 die
657 2474 818 2533 tertia,
846 2472 1196 2520 confluentibus
1230 2473 1468 2532 fratribus,
1501 2474 1674 2519 ostium
1698 2471 1830 2535 quod

420 2550 634 2596 clausum
668 2560 769 2597 erat
806 2550 1019 2615 aperuit,
1053 2561 1195 2614 atque
1217 2549 1610 2614 ingredientibus,
1648 2549 1830 2596 cunctis

421 2627 505 2688 qui
550 2626 746 2674 aderant
778 2626 1082 2675 consalutatis
1126 2627 1523 2691 deosculatisque,
1564 2626 1828 2673 orationem

423 2701 541 2748 fudit
556 2703 616 2749 ad
633 2705 912 2764 Dominum,
933 2704 1125 2761 dicensi:
1148 2723 1170 2746 «
1189 2704 1370 2750 Gratias
1389 2703 1474 2749 tibi
1492 2719 1598 2767 ago,
1625 2702 1828 2749 Domine

422 2780 530 2824 Jesu
565 2780 769 2840 Christe,
807 2781 888 2844 qui
915 2780 991 2826 me
1020 2778 1187 2827 salvari
1212 2780 1471 2843 jussistifiab
1501 2780 1641 2843 hujus
1659 2779 1828 2834 mundi
