2054 3450
421 317 497 353 216
743 324 753 332 “
932 315 1061 352 VITAE
1084 315 1304 353 PATRUM.

421 402 720 468 psallentium
750 403 959 449 Domino
994 402 1045 448 in
1078 418 1335 450 commune
1366 402 1644 452 reddebant.
1681 406 1817 464 Nam,

417 478 613 544 impleto
637 496 795 538 cursu,
825 488 1063 526 revertens
1085 478 1147 526 ad
1168 478 1412 538 lectulum,
1438 481 1498 528 ita
1522 498 1571 528 se
1591 491 1727 528 caute
1746 497 1821 526 su-

417 571 503 621 per
523 565 722 602 stratum
740 555 1027 621 deponebat,
1055 565 1106 602 ut
1124 571 1316 621 prorsus
1334 572 1477 603 nemo
1496 559 1688 604 sentiret
1708 576 1718 604 :
1740 558 1823 605 ob-

416 642 675 679 servatores
713 649 824 680 vero
861 632 1036 680 ostium
1075 631 1336 697 baptisterii
1376 632 1649 684 obseratum
1690 635 1822 682 inve-

416 709 623 770 nientes,
666 708 797 757 clave
836 726 922 757 sua
964 709 1100 756 solite
1136 708 1435 773 aperiebant,
1483 721 1821 776 commotoque

414 784 568 848 signo,
605 795 794 833 sanctus
824 787 912 832 Dei
941 786 1061 833 sicut
1097 786 1281 848 reliqui,
1317 803 1470 833 novus
1510 787 1572 834 ad
1611 786 1822 835 officium

415 860 711 908 dominicum
740 862 1071 925 consurgebat.
1103 865 1222 909 Nam
1244 879 1355 909 curn
1384 865 1689 926 energumeni
1711 880 1822 911 eum

417 938 572 1002 primo
594 938 672 986 die
690 940 987 1004 episcopatus
1004 940 1076 986 sui
1094 939 1449 999 confiterentur,
1469 940 1700 1005 rogabant
1714 957 1824 989 eum

419 1013 676 1079 presbyteri
697 1025 750 1063 ut
766 1032 849 1064 eos
873 1015 1152 1064 benedicere
1171 1016 1459 1080 dignaretur.
1489 1017 1634 1075 Quod
1659 1017 1735 1065 ille
1758 1019 1825 1066 vi-

417 1091 561 1138 riliter
580 1108 639 1139 ne
660 1108 829 1139 vanam
841 1094 1102 1141 incurreret
1115 1093 1313 1157 gloriam
1329 1093 1600 1157 refugiebat,
1617 1094 1825 1143 clamans

418 1168 667 1230 indignum
688 1186 738 1217 se
763 1169 826 1217 ad
849 1169 1213 1218 manifestandas
1234 1170 1712 1218 virtutes‘dominicas
1723 1188 1824 1219 esse

419 1244 683 1291 ministrum
713 1264 723 1292 ε
749 1245 833 1292 sed
864 1255 1021 1293 tamen
1052 1247 1166 1310 quia
1197 1246 1375 1292 diutius
1408 1246 1502 1293 hoc
1532 1246 1825 1295 dissimulare

419 1336 516 1367 non
541 1322 718 1385 potuit,
754 1322 928 1369 adduci
959 1339 1042 1369 eos
1067 1321 1128 1370 ad
1151 1339 1200 1369 se
1216 1322 1412 1386 jubens,
1439 1323 1539 1370 sine
1559 1324 1656 1370 ullo
1678 1333 1820 1383 tactu,

419 1396 542 1444 facto
576 1408 761 1445 tantum
792 1399 927 1460 signo
955 1399 1107 1446 crucis
1136 1415 1162 1445 e
1192 1409 1376 1459 contra,
1412 1399 1560 1446 verbo
1591 1399 1825 1448 daemonia

419 1473 661 1520 discedere
679 1475 958 1538 imperabat.
984 1475 1127 1532 Quod
1143 1474 1219 1522 illa
1238 1475 1454 1539 protinus
1469 1475 1710 1524 audientia
1726 1493 1826 1524 cor-

419 1565 539 1612 pora
560 1567 664 1614 quae
684 1567 767 1597 sua
793 1552 1002 1614 nequitia
1023 1551 1331 1599 devinxerant
1350 1552 1678 1600 absolvebant.
1706 1557 1825 1601 Nam

420 1624 501 1671 illo
523 1625 735 1686 absente,
761 1628 898 1674 multi
917 1627 976 1674 de
994 1628 1123 1692 virga
1139 1644 1284 1692 quam
1296 1629 1345 1675 in
1366 1645 1509 1676 manu
1526 1629 1646 1677 ferre
1662 1630 1826 1678 solitus

419 1712 519 1749 erat
549 1719 798 1768 suspensos
832 1714 973 1769 atque
1007 1705 1214 1769 signatos
1249 1704 1592 1769 energumenos
1626 1707 1825 1772 expelle-

420 1777 549 1826 bant.
584 1783 702 1827 Nam
724 1791 770 1827 et
791 1781 850 1828 de
874 1791 1018 1828 stratu
1043 1783 1142 1845 ejus
1167 1782 1206 1828 si
1230 1783 1335 1844 quis
1357 1792 1556 1845 aegrotus
1581 1784 1826 1849 quidpiam

419 1855 701 1918 abstulisset,
727 1868 827 1905 erat
849 1875 1052 1923 praesens
1082 1859 1495 1906 medicamentum.
1534 1863 1826 1910 Armentaria

419 1942 578 1978 autem
614 1934 767 1998 neptis
794 1936 893 1997 ejus
921 1951 1031 1980 cum
1062 1936 1262 1998 graviter
1294 1935 1504 1999 quodam
1533 1946 1746 2002 tempore
1773 1939 1822 1985 in

419 2008 738 2056 adolescentia
760 2026 844 2056 sua
870 2026 898 2057 a
926 2020 1157 2074 quartano
1190 2011 1457 2074 fatigaretur
1489 2013 1818 2073 incommodo,

419 2100 474 2130 ac
498 2085 792 2132 medicorum
818 2086 976 2132 studio
1002 2086 1279 2150 plerumque
1302 2087 1422 2146 fota,
1453 2089 1640 2135 nullum
1665 2100 1825 2153 posset

419 2162 590 2207 sentire
614 2162 846 2223 levamen,
872 2171 917 2209 et
938 2163 998 2209 ab
1016 2164 1118 2227 ipso
1138 2163 1406 2211 confessore
1422 2166 1563 2212 beato
1586 2167 1752 2230 saepius
1771 2177 1824 2214 ut

420 2238 622 2284 orationi
644 2239 875 2286 insisteret
893 2240 1177 2298 hortaretur,
1205 2240 1408 2303 quadam
1428 2241 1505 2288 die
1525 2242 1700 2290 lectum
1723 2244 1824 2307 ejus

418 2314 630 2378 expetiit,
664 2316 710 2361 in
741 2331 837 2378 quo
862 2317 1015 2380 posita
1042 2320 1103 2362 ita
1133 2316 1274 2363 febris
1298 2327 1468 2364 cuncta
1489 2319 1713 2367 restincta
1733 2331 1820 2382 est,

419 2399 471 2436 ut
492 2407 738 2453 nunquam
763 2391 852 2438 hac
875 2392 1098 2456 deinceps
1117 2402 1378 2455 aegrotaret.

484 2468 530 2514 3.
570 2469 767 2514 Sanctus
787 2485 902 2515 vero
925 2470 1179 2532 Gregorius
1200 2486 1310 2516 cum
1333 2472 1441 2534 per¹
1463 2470 1592 2517 diem
1613 2481 1823 2520 sanctam

469 2663 529 2715 (1)
557 2664 701 2702 Passim
718 2664 822 2716 apud
842 2665 1071 2717 Gregorium
1085 2679 1164 2703 vox
1178 2678 1249 2714 per
1272 2665 1438 2704 occurrit
1457 2679 1528 2718 pro
1549 2676 1717 2717 propter,
1737 2680 1823 2719 quae

416 2721 470 2759 sic
493 2729 550 2759 est
578 2722 638 2760 hic
661 2722 900 2774 accipienda,
926 2723 1019 2762 alias
1040 2723 1103 2762 die
1128 2727 1152 2762 4
1170 2723 1335 2771 januarii
1361 2724 1499 2762 obiisse
1520 2724 1594 2763 dici
1617 2739 1694 2764 non
1721 2739 1819 2778 pos-

416 2788 486 2818 set.
512 2779 595 2830 (R.)
