2054 3450
449 388 523 425 356
961 387 1089 424 VITAE
1115 387 1334 424 PATRUM.

446 473 682 528 damiam,
726 482 777 518 ut
801 482 964 519 euntes
997 473 1056 519 ad
1094 489 1343 519 occursum
1381 474 1527 536 regis,
1566 485 1612 521 et
1637 484 1851 522 nostrum

445 551 688 615 expleatur
717 567 836 614 opus
862 560 909 596 et
938 550 1098 597 amicis
1125 550 1414 597 ministretur
1431 550 1624 598 affatim.
1658 572 1680 595 >2
1709 553 1850 599 Dixe-

445 637 647 691 runtque
672 628 713 674 ei
735 644 745 672 ι
777 646 799 669 «
825 626 1002 673 Labsus
1027 637 1204 681 noster,
1227 628 1274 673 in
1299 644 1443 691 quem
1462 627 1611 692 pisces
1632 628 1851 676 decidere

443 704 568 750 soliti
593 713 720 762 sunt,
747 720 938 768 prorsus
964 703 1174 750 desertus
1195 702 1400 751 habetur
1421 721 1431 749 z
1458 704 1539 750 sed
1571 714 1617 752 et
1643 705 1854 752 maceriae

442 780 551 843 ipsae
591 779 651 827 de
676 780 790 826 locis
821 780 915 826 suis
949 780 1100 826 amuis
1143 780 1318 844 impetu
1363 779 1532 826 evulsae
1570 790 1847 828 noscuntur.

443 859 546 902 Non
574 866 643 903 est
673 856 872 920 qualiter
892 856 1040 919 jussio
1064 866 1215 903 vestra
1248 856 1577 920 adimpleatur,
1603 857 1718 904 dum
1754 874 1851 904 non

440 945 509 981 est
538 936 584 981 in
611 944 834 999 promptu
863 934 1061 997 qualiter
1084 934 1331 999 capiantur
1355 951 1460 998 quae
1483 935 1711 1000 praecipis.
1744 955 1766 978 >2
1796 938 1854 982 Et

439 1010 514 1057 ille
542 1011 639 1058 haec
668 1011 887 1069 audiens,
918 1011 1152 1073 ingressus
1180 1010 1228 1057 in
1257 1010 1474 1058 cellulam
1503 1028 1638 1059 suam
1670 1012 1853 1060 vocavit

437 1105 656 1152 puerum,
687 1098 733 1135 et
766 1089 828 1136 ait
853 1105 863 1133 :
907 1108 928 1131 α
956 1087 1098 1146 Vade,
1129 1098 1174 1134 et
1206 1087 1283 1134 dic
1307 1104 1572 1150 coquorum
1599 1089 1851 1153 praeposito

414 1153 417 1157 ’
438 1175 490 1211 ut
515 1164 734 1213 exhibeat
758 1165 905 1229 pisces
931 1163 991 1211 ab
1014 1180 1172 1211 amne.
1207 1183 1230 1207 »
1256 1164 1347 1221 Qui
1365 1163 1495 1227 jussa
1517 1164 1737 1222 referenS,
1769 1163 1850 1212 de·

437 1242 557 1288 risus
579 1252 648 1289 est
673 1242 733 1288 ab
756 1241 969 1288 homine.
998 1244 1296 1305 Reversoque
1321 1242 1385 1288 ait
1407 1241 1626 1288 sacerdos
1651 1260 1661 1288 :
1700 1261 1721 1284 t<
1743 1242 1850 1289 Scio

437 1318 549 1381 quia
568 1318 751 1364 locutus
768 1333 817 1364 es
837 1333 891 1364 ea
917 1334 1021 1380 quae
1043 1317 1260 1381 praecepi,
1287 1316 1369 1363 sed
1386 1316 1548 1364 audire
1572 1316 1846 1365 noluerunt.
1882 1317 1884 1319 ’

436 1394 585 1452 Vade,
609 1404 655 1440 et
680 1394 756 1441 dic
782 1394 851 1440 eis
869 1403 922 1440 ut
940 1402 1064 1440 eant.
1095 1414 1118 1437 »
1147 1396 1361 1457 Cumque
1382 1393 1454 1440 bis
1470 1404 1550 1440 aut
1574 1394 1710 1441 tertio
1728 1394 1852 1442 hanc

438 1472 786 1519 ordinationem
806 1470 924 1517 dure
938 1472 1245 1536 susciperent,
1263 1471 1489 1517 commoti
1511 1470 1705 1517 tandem
1724 1470 1851 1518 abie-

436 1559 547 1595 runt
573 1548 633 1595 ad
656 1548 858 1606 labsum,
887 1557 931 1594 et
958 1548 1235 1612 aspicientes
1257 1548 1538 1594 invenerunt
1562 1564 1670 1594 eum
1690 1547 1754 1594 ita
1778 1564 1852 1595 re-

437 1625 608 1671 fertum
641 1625 876 1689 piscibus,
915 1634 965 1670 ut
1004 1623 1169 1670 decem
1209 1623 1294 1669 viri
1333 1641 1435 1688 quae
1474 1632 1743 1688 repererant
1776 1623 1850 1670 vix

439 1701 658 1749 exhibere
683 1701 964 1766 potuissent.
991 1700 1285 1748 Ostendebat
1308 1702 1434 1748 enim
1461 1701 1503 1748 ei
1526 1701 1672 1748 virtus
1691 1700 1851 1748 diviua

437 1781 606 1845 saepius
625 1796 728 1844 quae
747 1780 789 1825 ei
813 1789 1085 1844 opportuna
1108 1788 1261 1826 erant.

504 1861 551 1906 5.
589 1857 682 1904 Sed
719 1873 807 1903 nec
841 1856 935 1903 hoc
969 1856 1206 1904 silendum
1231 1857 1420 1920 putavi,
1459 1855 1591 1920 quod
1613 1854 1768 1903 eidem
1791 1854 1852 1902 de

435 1933 623 1998 regibus
661 1937 950 1980 Francorum
987 1949 1012 1980 a
1054 1933 1261 1979 Domino
1298 1932 1384 1978 fuit
1422 1942 1683 1979 ostensum.
1726 1930 1851 1978 Vidit

435 2010 565 2055 enim
587 2010 635 2054 in
659 2009 759 2054 visu
781 2009 931 2054 noctis
952 2017 1128 2054 turrem
1155 2023 1391 2070 magnam,
1420 2016 1547 2053 tanta
1574 2005 1850 2054 celsitudine

436 2085 697 2149 praeditam,
729 2093 779 2130 ut
805 2084 916 2148 polo
940 2084 1210 2148 propinqua
1231 2084 1564 2148 suspiceretur,
1593 2081 1850 2130 habentem

436 2161 662 2208 fenestras
692 2161 878 2221 multas,
917 2161 1273 2225 Dominumque
1308 2168 1510 2207 stantem
1537 2177 1678 2224 super
1709 2175 1849 2207 cacu-

436 2255 546 2285 men
569 2238 693 2301 ejus,
729 2246 775 2284 et
809 2237 1000 2301 angelos
1025 2237 1111 2283 Dei
1144 2254 1228 2302 per
1262 2238 1474 2302 speculas
1511 2236 1611 2283 illas
1650 2236 1846 2301 positos.

436 2318 569 2362 Unus
593 2325 754 2362 autem
780 2331 836 2361 ex
859 2314 925 2360 eis
950 2313 1138 2360 tenebat
1157 2313 1336 2361 librum
1358 2330 1583 2378 magnum
1607 2313 1657 2360 in
1683 2328 1846 2374 manu,

435 2391 625 2438 dicens:
656 2412 678 2435 «
702 2394 903 2438 Tantum
925 2390 1152 2455 temporis
1174 2407 1255 2437 rex
1277 2389 1354 2436 ille
1379 2401 1423 2437 et
1449 2390 1526 2437 ille
1549 2390 1758 2437 victurus
1782 2397 1852 2436 est

433 2468 483 2514 in
507 2469 694 2515 saeculo.
714 2486 736 2512 »
764 2466 1130 2530 Nominavitque
1154 2483 1320 2513 omnes
1346 2467 1517 2513 viritim
1533 2502 1546 2526 ,
1574 2465 1648 2514 vel
1673 2465 1754 2530 qui
1792 2481 1851 2512 eo

434 2554 651 2610 tempore
691 2554 854 2600 erant,
896 2543 971 2590 vel
1015 2543 1238 2608 deinceps
1276 2544 1373 2591 nati
1409 2553 1520 2591 sunt
1553 2543 1762 2606 dixitque
1804 2551 1851 2589 et

435 2622 708 2685 qualitatem
750 2621 909 2685 regni,
961 2631 1007 2667 et
1042 2621 1354 2684 quantitatem
1390 2620 1495 2667 vitae
1530 2635 1713 2666 eorum.
1756 2616 1850 2665 Sed

435 2707 543 2761 post
585 2698 950 2762 uniuscujusque
985 2713 1160 2744 nomen
1199 2713 1384 2761 semper
1414 2700 1559 2743 Amen
1586 2695 1739 2743 caeteri
1763 2710 1849 2742 an-

435 2773 526 2835 geli
548 2774 914 2838 respondebant.
958 2774 1126 2836 Sicque
1152 2772 1212 2820 de
1237 2773 1308 2819 his
1333 2774 1381 2819 in
1410 2782 1650 2836 posterum
1678 2770 1850 2835 imple-

436 2860 536 2895 tum
577 2860 677 2909 est,
735 2850 854 2896 sicut
888 2859 1077 2897 sanctus
1113 2867 1195 2914 per
1235 2850 1472 2914 praefatam
1514 2849 1849 2896 revelationem
