2054 3450
403 322 453 357 80
764 320 830 355 DE
857 319 1045 355 GLomA
1074 293 1444 358 CONFEssoRUM.

402 424 549 471 quum
576 406 875 465 deferebant,
904 406 1109 470 ipsisque
1133 422 1274 470 super
1296 405 1509 454 infirmos
1533 407 1713 467 locatis,
1740 422 1810 454 sa-

402 484 561 530 nitatis
588 483 750 530 adesse
784 482 1070 530 beneficium
1109 481 1473 531 contuebantur.
1508 486 1625 531 Nam
1662 493 1814 530 mater

403 577 509 606 mea
527 559 587 606 ab
607 559 700 606 hoc
719 559 874 607 decisa
897 559 1141 624 particula,
1164 569 1215 605 ut
1236 558 1402 623 puellae
1423 575 1451 606 a
1472 559 1723 624 frigoribus
1747 559 1811 606 fe-

402 636 637 683 bricitanti
672 637 796 682 collo
838 635 1039 701 dependi
1076 636 1181 682 fecit
1200 673 1212 696 ,
1247 635 1418 683 morbo
1457 637 1692 702 extemplo
1724 636 1811 684 de-

403 730 582 778 preSSO,
608 713 814 777 puellam
840 729 1003 760 sanam
1026 713 1221 777 aspexit.

916 857 1072 892 CAPUT
1096 857 1299 891 LXXXVI.

702 947 755 979 De
776 945 981 980 Desiderato
1004 945 1161 992 ejusdem
1178 945 1346 979 territorii
1363 946 1513 980 recluso.

470 1050 522 1092 ln
545 1047 635 1093 hac
657 1046 774 1093 urbe
798 1046 883 1092 fuit
905 1057 950 1092 et
969 1046 1268 1092 Desideratus
1289 1046 1549 1110 presbyter,
1567 1062 1710 1108 quem
1726 1061 1814 1109 ego

404 1123 531 1188 apud
556 1124 891 1170 monasterium
912 1123 1266 1169 Gurthonense¹
1290 1123 1551 1169 vidivirum
1571 1122 1815 1169 sanctitate

406 1199 735 1263 magnificum,
765 1200 847 1263 qui
883 1200 1051 1263 saepius
1081 1199 1368 1261 frigoriticis,
1402 1199 1567 1246 dolore
1602 1199 1814 1245 dentium

404 1276 730 1323 laborantibus
754 1277 949 1339 aliisque
971 1276 1166 1333 morbis,
1195 1276 1378 1322 orando
1402 1275 1547 1322 finem
1570 1275 1812 1339 imposuit.

407 1355 525 1398 Nam
558 1369 705 1416 usque
734 1370 925 1416 quoque
961 1352 1168 1399 reclusus
1192 1362 1314 1411 erat,
1340 1352 1435 1398 hoc
1458 1361 1527 1398 est
1555 1367 1652 1397 non
1686 1366 1817 1414 egre·
1867 1410 1877 1416 .

406 1428 624 1475 diebatur
649 1445 675 1474 e
711 1429 879 1475 cellula
906 1446 916 1473 :
952 1428 1036 1475 sed
1058 1429 1137 1492 qui
1173 1427 1395 1474 voluisset
1420 1426 1610 1473 videbat
1631 1443 1741 1473 eum
1769 1427 1815 1471 in

407 1505 589 1552 cellula.
611 1506 722 1563 Hic,
749 1514 800 1551 ut
824 1504 1027 1551 diximus
1045 1542 1057 1564 ‚
1084 1505 1266 1550 eximiis
1290 1504 1544 1550 illustratus
1566 1502 1818 1549 virtutibus

407 1583 596 1629 emicuit
636 1583 823 1628 saeculo.
865 1582 1006 1638 Quod
1054 1581 1252 1627 audiens
1297 1579 1574 1626 benedictus
1612 1579 1819 1642 Agricola

407 1660 671 1724 episcopus,
694 1658 817 1704 misit
840 1658 1225 1704 archidiaconum
1245 1674 1401 1715 suum,
1419 1667 1468 1703 ut
1483 1655 1675 1702 beatum
1693 1654 1820 1702 urbis

409 1737 679 1783 coemeterio
702 1735 933 1782 deferret:
959 1735 1038 1781 sed
1061 1733 1380 1781 resistentibus
1403 1732 1664 1793 monachis,
1686 1732 1817 1796 quod

406 1814 561 1877 jussus
590 1813 738 1859 suerat
767 1829 864 1858 non
899 1812 1126 1876 implevit.
1154 1811 1390 1868 Posthaec‚
1416 1809 1646 1856 aedificato
1672 1826 1818 1856 xeno-

411 1890 585 1937 dochio
619 1889 915 1953 leprosorum
947 1889 1167 1935 sacerdos
1187 1887 1481 1946 suburbano,
1506 1887 1552 1932 in
1576 1887 1676 1949 ejus
1696 1886 1818 1933 basi-

411 1967 549 2013 licam
566 1965 773 2013 collectis
796 1965 1045 2011 abbatibus
1062 1975 1108 2011 et
1123 1965 1256 2011 omni
1274 1964 1418 2023 clero,
1439 1963 1628 2009 beatum
1646 1979 1821 2027 corpus

413 2043 670 2101 transtulit,
707 2051 753 2088 et
786 2043 834 2088 in
871 2042 1063 2088 basilica
1097 2042 1311 2105 superius
1343 2049 1602 2086 memorata
1632 2056 1819 2086 summo

413 2120 569 2167 studio
592 2119 804 2184 sepelivit
827 2138 839 2164 :
864 2120 946 2182 qui
974 2135 1022 2165 se
1048 2135 1175 2165 nunc
1200 2119 1355 2164 vivere
1378 2133 1486 2163 eum
1508 2116 1697 2163 Christo
1722 2131 1820 2162 ma-

414 2198 516 2260 gnis
540 2197 791 2243 virtutibus
816 2196 1095 2243 manifestat.

918 2340 1072 2374 CAPUT
1097 2340 1318 2375 LXXXVII.

941 2430 993 2462 De
1011 2429 1029 2461 J
1034 2441 1147 2462 oanne
1166 2427 1302 2462 abbate.

481 2531 582 2576 Fuit
603 2531 649 2576 in
671 2529 1019 2576 Tornodorensi
1042 2545 1163 2598 pago
1186 2529 1233 2575 in
1258 2527 1481 2591 parochia
1500 2525 1823 2589 Lingonicensi

418 2608 487 2653 vir
510 2608 754 2653 sanctitate
770 2607 1038 2671 *praecipuus
1058 2606 1297 2652 Johannes
1320 2604 1483 2661 abbas,
1496 2604 1628 2667 juxta
1648 2602 1720 2648 sui
1741 2616 1824 2647 no-

471 2736 529 2788 (l)
555 2739 599 2773 In
617 2736 774 2773 historia
790 2735 1023 2774 inventionis
1036 2736 1068 2784 ej
1075 2749 1118 2774 us
1136 2735 1402 2774 Guerdoaeasi.
1423 2732 1506 2785 (R.)
1518 2755 1565 2762 —
1576 2734 1696 2782 2204,
1709 2734 1803 2770 2791
1818 2763 1826 2778 ‚

420 2797 714 2835 Gurthonensim.
