2054 3450
388 341 410 377 6
738 340 812 385 (DE
838 338 1024 375 GLORIA
1053 338 1422 393 CONFESSQRUM.

385 429 506 474 infra
529 428 782 474 terminum
805 442 948 490 quem
982 426 1198 490 superius
1231 425 1451 487 diximus,
1478 427 1606 492 apud
1630 428 1785 475 vicum

386 507 617 553 Mroam’.

946 619 1102 655 CAPUT
1126 618 1226 653 LIII.

764 721 817 755 De
833 720 995 767 sepulcro
1012 719 1218 755 Thaumasti
1234 719 1405 767 episcopi.

447 837 782 884 Thaumastus’
805 853 1014 901 quoque,
1052 837 1184 900 juxta
1206 836 1553 901 expositionem
1583 837 1791 884 nominis

383 917 473 973 sui,
495 914 783 961 admirabilis
795 914 1056 972 sanctitate,
1073 914 1482 973 Momociacensis³
1503 912 1636 960 urbis
1649 913 1790 960 fuisse

384 991 528 1038 fertur
560 992 811 1055 episcopus
838 1007 849 1035 z
878 990 938 1036 de
962 1006 1058 1054 qua
1084 989 1204 1037 urbe
1231 990 1390 1037 nescio
1414 1006 1510 1053 qua
1531 1005 1671 1037 causa
1705 990 1793 1037 de—

385 1078 556 1127 motus,
593 1068 835 1115 Pictavum
875 1067 1108 1132 oppidum
1133 1068 1282 1132 petiit,
1319 1066 1480 1131 ibique
1514 1077 1790 1132 praesentem

382 1145 545 1203 vitam,
591 1146 639 1191 in
681 1145 812 1191 bona
849 1144 1112 1209 perdurans
1153 1133 1470 1202 confessione,
1512 1143 1681 1190 finivit.
1704 1144 1791 1191 Cui

383 1238 487 1284 quae
509 1221 567 1267 sit
600 1236 778 1268 merces
798 1220 846 1266 in
867 1219 1006 1280 coelo,
1032 1219 1093 1267 ad
1114 1220 1215 1284 ejus
1237 1219 1502 1267 ostenditur
1522 1219 1787 1277 tumulum;

382 1314 588 1361 eumque
611 1296 873 1343 inhabitare
896 1296 1169 1361 paradisum
1195 1296 1356 1362 prodit
1375 1297 1523 1343 virtus
1547 1296 1792 1359 egrediens

385 1375 444 1422 de
460 1374 676 1439 sepulcro
704 1391 714 1420 z
742 1373 954 1436 illudque
970 1374 1019 1420 in
1043 1390 1101 1421 eo
1116 1374 1341 1422 veraciter
1355 1372 1637 1434 ostenditur,
1660 1372 1792 1437 quod

384 1452 608 1499 dominus
643 1454 775 1498 Jesus
808 1450 1020 1498 Christus
1048 1451 1095 1498 in
1131 1451 1375 1514 evangelio
1405 1449 1598 1498 Marthae
1639 1449 1789 1498 dicit:

389 1549 412 1572 «
438 1529 532 1586 Qui
554 1527 703 1574 credit
724 1528 773 1574 in
791 1543 884 1587 me,
904 1528 1046 1574 etiam
1060 1528 1099 1574 si
1120 1527 1365 1585 moriatur,
1391 1527 1506 1574 vivit
1529 1544 1540 1573 :
1567 1536 1614 1574 et
1637 1527 1794 1574 omnis

383 1604 468 1667 qui
481 1604 595 1650 vivit
614 1613 660 1650 et
682 1603 832 1650 credit
854 1604 902 1649 in
924 1620 1017 1663 me,
1044 1620 1143 1651 non
1167 1604 1398 1651 morietur
1423 1603 1471 1650 in
1490 1613 1737 1651 aeternum.
1766 1623 1789 1647 »

385 1680 471 1728 Hic
494 1697 607 1744 ergo
644 1696 785 1744 super
819 1690 991 1728 terram
1025 1681 1294 1746 sepulcrum
1327 1679 1473 1727 habet
1506 1689 1615 1727 ante
1638 1680 1792 1744 ipsum

383 1757 555 1804 atrium
581 1756 909 1805 beatiHilarii.
950 1760 1019 1805 De
1049 1774 1148 1822 quo
1182 1757 1366 1804 tumulo
1389 1773 1547 1804 erasus
1574 1772 1605 1804 >a
1637 1756 1794 1804 multis

385 1834 555 1898 pulvis,
580 1844 626 1882 et
647 1834 857 1895 haustus,
884 1836 949 1882 ita
971 1834 1126 1882 dolori
1141 1834 1356 1881 dentium
1379 1833 1675 1897 febriumque
1692 1849 1791 1881 me·

384 1909 540 1971 detur,
566 1920 617 1957 ut
639 1911 723 1975 qui
744 1910 971 1967 hauserit,
997 1911 1194 1957 miretur
1205 1910 1442 1957 effectum.
1465 1912 1584 1957 Nam
1607 1909 1672 1957 ita
1694 1909 1794 1957 haec

383 1986 654 2034 benedictio
678 1987 864 2034 assidue
886 1988 1135 2052 expetitur,
1167 1997 1220 2034 ut
1241 1987 1341 2051 jam
1368 1987 1418 2033 in
1450 2003 1547 2034 uno
1570 1986 1677 2035 loco
1697 2003 1795 2035 sar-

346 2065 627 2128 mophagus
642 2074 870 2129 appareat
891 2064 1214 2111 transforatus.

436 2253 491 2300 (1)
517 2254 630 2290 Forte
649 2251 855 2305 legendum
871 2256 992 2303 Atoca
1011 2266 1079 2293 seu
1100 2257 1236 2292 Atura.
1261 2255 1344 2301 (R.)

411 2312 415 2323 ³
436 2309 492 2363 (Ξ)
519 2312 640 2360 2205,
659 2315 979 2352 Momociasensis.

438 2369 494 2422 (3)
521 2368 625 2412 Mss.'
642 2384 775 2410 omnes
806 2372 1065 2421 Theomastus,
1094 2380 1231 2424 praeter
1249 2370 1569 2423 Antuerpiensem
1586 2370 1655 2422 qui
1679 2369 1796 2409 habet

389 2432 619 2474 leomaseus.
639 2430 815 2469 ⁴Nominis
834 2439 989 2482 etymon
1005 2430 1109 2483 quod
1130 2430 1340 2484 Gregorius
1357 2430 1470 2469 affert
1479 2438 1649 2470 nostram
1665 2429 1796 2470 lectio-

386 2501 472 2526 nem
491 2488 623 2540 exigit.
643 2489 726 2541 (R.)
739 2494 797 2520 '—
817 2492 922 2530 2204
940 2490 979 2529 in
1004 2490 1130 2530 indice
1152 2491 1396 2530 Theomastis.

465 2559 514 2604 ’ἐι
