2054 3450
453 340 501 374 82
813 339 880 373 DE
907 337 1095 374 GLORIA
1124 338 1490 376 CONFESSORUM.

451 425 589 470 minis
615 423 946 487 etymologiam
973 424 1131 471 divina
1163 425 1306 488 gratia
1330 435 1612 490 praeventus.
1640 425 1854 489 Denique

452 501 596 547 fertur
629 502 739 564 quia
770 517 880 547 cum
911 502 1251 548 monasterium
1287 502 1517 550 aedificare
1550 503 1687 550 vellet
1723 502 1854 566 quod

451 579 684 625 Reomatis
718 588 1036 643 nuncupatur,
1069 587 1115 624 et
1137 578 1298 626 fratres
1325 579 1518 627 nimiam
1545 596 1677 644 aquae
1701 597 1852 644 penu-

449 655 566 700 riam
589 665 878 718 paterentur,
906 656 1078 719 reperit
1101 665 1296 719 puteum
1317 656 1514 703 immani
1535 657 1855 721 profunditate

447 731 612 790 altum,
639 731 722 778 ubi
746 733 974 796 pessimus
1003 748 1193 796 serpens
1216 731 1459 780 basiliscus
1480 731 1740 780 habitabat.
1768 733 1855 780 Hic

447 807 605 872 itaque
624 808 783 854 divina
802 808 1105 855 invocatione
1125 818 1372 873 perempto
1398 819 1630 873 serpente,
1647 825 1703 856 ac
1721 826 1855 856 mun-

446 884 558 931 dato
587 893 727 948 puteo
743 921 754 943 ,
781 894 975 949 puteum
1002 884 1262 949 potabilem
1285 884 1506 932 fratribus
1532 883 1736 932 reddidit
1758 903 1768 932 :
1795 885 1856 933 de

446 977 538 1024 qua
569 977 689 1024 aqua
722 970 767 1007 et
797 978 887 1008 nos
924 978 1033 1007 cum
1058 961 1344 1024 Lugdunum
1382 977 1682 1026 pergeremus
1711 977 1738 1008 a
1761 961 1856 1009 fra-

447 1037 595 1084 tribus
626 1037 748 1084 illius
771 1038 1040 1084 monasterii
1072 1037 1272 1100 benigne
1304 1039 1524 1102 suscepti,
1549 1054 1688 1085 causa
1713 1038 1856 1085 mira-

446 1115 538 1161 culi
565 1114 825 1171 hausimuS‚
857 1115 989 1178 cujus
1015 1115 1155 1162 etiam
1185 1115 1358 1161 haustu
1396 1115 1588 1179 plurimi
1615 1114 1854 1178 frigoritici

446 1201 687 1239 curantur.
716 1194 880 1238 Fertur
905 1202 950 1238 et
984 1191 1043 1238 de
1080 1191 1272 1255 praefato
1295 1191 1397 1237 viro
1433 1192 1525 1238 tale
1552 1191 1851 1239 miraculum.

445 1268 650 1325 Quidam
675 1267 927 1325 fratricida,
948 1284 1036 1332 pro
1054 1268 1334 1314 enormitate
1358 1267 1566 1314 criminis
1589 1268 1748 1315 ferreis
1768 1269 1856 1315 cir-

443 1344 562 1391 culis
583 1344 813 1407 alligatus,
836 1353 1122 1409 praeceptum
1140 1343 1305 1390 habuit
1320 1352 1372 1390 ut
1389 1353 1571 1408 septem
1593 1345 1730 1391 annis
1750 1345 1855 1392 loca

443 1430 718 1468 sanctorum
742 1421 1035 1485 peragrando
1059 1421 1292 1468 circuiret.
1315 1420 1402 1467 Hic
1421 1436 1531 1467 cum
1556 1422 1755 1468 Romam
1776 1437 1854 1468 ve-

445 1497 602 1555 nisset,
630 1496 914 1544 revelatione
943 1497 1102 1544 divina
1123 1497 1354 1561 comperit
1376 1513 1474 1543 non
1497 1497 1629 1544 aliter
1649 1514 1699 1544 se
1717 1514 1855 1562 posse

443 1572 642 1633 absolvi,
668 1573 758 1619 nisi
783 1573 843 1619 ad
867 1573 1017 1620 sancti
1040 1573 1252 1637 corporis
1275 1572 1495 1636 reliquias
1517 1574 1710 1620 Joannis
1735 1576 1855 1621 Reo-

445 1649 646 1696 maensis
664 1648 847 1696 abbatis
876 1650 1155 1713 perveniret.
1175 1650 1260 1695 Hic
1282 1665 1393 1712 ergo
1413 1649 1585 1713 passim
1610 1649 1854 1698 lustrando

443 1724 565 1783 loca,
596 1724 789 1771 tandem
811 1724 1001 1770 devenit
1022 1724 1083 1771 ad
1107 1724 1377 1782 basilicam,
1407 1723 1490 1771 ubi
1511 1723 1640 1772 haud
1665 1725 1806 1789 longe
1827 1742 1855 1773 a

445 1802 731 1848 monasterio
763 1801 1126 1847 sacratissimum
1160 1817 1335 1865 corpus
1371 1800 1471 1864 ejus
1503 1800 1714 1849 locatum
1751 1812 1849 1850 est:

444 1877 604 1941 ibique
627 1876 921 1923 orationibus
944 1893 998 1924 ac
1022 1877 1186 1940 vigiliis
1207 1876 1456 1936 incubans,
1476 1877 1676 1926 vinculis
1697 1879 1854 1925 omni-

443 1953 534 1999 bus
553 1953 795 1999 absolutus
817 1962 902 1999 est.
929 1954 1048 2000 Vixit
1072 1954 1141 1999 vir
1163 1953 1239 1999 hic
1257 1953 1407 2016 justus
1429 1962 1476 1999 et
1496 1954 1566 1999 vir
1590 1953 1849 2018 religiosus,

443 2029 563 2075 sicut
599 2028 833 2091 legislator
857 2031 1067 2092 Moyses,
1101 2038 1293 2075 centum
1318 2029 1483 2092 viginti
1516 2030 1678 2089 annis,
1719 2031 1853 2094 cujus

443 2121 531 2151 nec
566 2104 731 2150 oculus
761 2104 994 2167 caligavit,
1021 2121 1110 2151 nec
1134 2104 1252 2150 dens
1274 2114 1432 2151 motus
1454 2113 1524 2152 est
1545 2122 1556 2151 :
1588 2105 1672 2152 suit
1693 2116 1852 2154 autem

442 2181 683 2227 institutor
706 2181 795 2227 viri
820 2180 1140 2228 memorabilis
1164 2181 1223 2228 de
1248 2197 1345 2244 quo
1371 2183 1419 2228 in
1444 2198 1530 2228 suo
1556 2181 1663 2229 loco
1687 2198 1852 2230 narra·-

442 2256 614 2303 bimus.

939 2338 1094 2375 CAPUT
1117 2338 1359 2376 LXXXVIII.

955 2430 1006 2463 De
1024 2429 1184 2475 Sequano
1200 2429 1337 2465 abbate.

505 2533 683 2594 Magnae
707 2540 865 2578 autem
887 2531 1072 2578 virtutis
1099 2532 1186 2579 fuit
1213 2542 1258 2579 et
1283 2532 1360 2580 ille
1385 2534 1649 2596 Sequanus¹
1665 2531 1846 2594 'Lingo-

441 2607 556 2653 nici²
576 2607 724 2654 abbas
745 2608 984 2665 territorii,
1009 2608 1094 2672 qui
1117 2609 1280 2655 vivens
1301 2624 1422 2672 saepe
1446 2607 1664 2654 homines
1692 2623 1720 2654 a
1742 2608 1848 2652 vin-

494 2746 550 2798 (1)
579 2751 756 2793 Secanus,
784 2749 903 2787 2791.
932 2723 942 2738 s

493 2805 550 2857 (2)
579 2807 789 2856 Lignouici,
810 2807 929 2844 2204.
