2054 3450
403 323 480 360 220
733 318 742 325 ⁹
917 325 1046 361 VITAE
1072 325 1292 363 PATRUM.

401 411 524 457 inter
547 410 754 475 reliquos
772 411 1118 476 obsequuntur,
1137 413 1220 477 qui
1243 422 1289 460 et
1307 429 1336 460 a
1346 413 1505 476 judice
1523 423 1689 479 postea
1703 413 1805 461 sine

402 486 580 533 damno
602 487 763 552 aliquo
787 497 896 534 sunt
917 486 1111 535 dimissi.

465 563 513 610 lo.
557 565 666 610 Post
693 564 793 612 haec
822 563 989 611 beatus
1019 564 1260 612 confessor
1296 565 1456 612 multis
1483 582 1531 612 se
1557 566 1805 614 virtutibus

400 638 669 688 declaravit.
709 640 869 688 Aiebat
899 641 1026 687 enim
1057 641 1251 704 quidam
1287 642 1548 705 religiosuS,
1582 642 1726 690 coelos
1754 660 1805 691 se

399 726 588 780 apertos
610 718 660 764 in
684 717 760 764 die
783 718 882 782 ejus
901 718 1151 783 sepulturae
1175 718 1367 779 vidisse3
1392 735 1481 766 nec
1503 719 1632 765 enim
1657 719 1804 768 ambi-

398 793 523 855 gitur
541 795 655 858 quin
680 804 787 858 post
805 804 936 842 actus
958 795 1194 858 angelicos
1217 795 1408 843 sidereis
1428 796 1485 842 sit
1504 794 1701 843 coetibus
1723 811 1804 860 ag-

398 882 628 935 gregatus.
652 873 844 919 Vinctus
863 872 1078 936 quidam,
1098 889 1183 938 per
1201 874 1324 920 viam
1347 873 1475 920 illam
1499 888 1592 936 qua
1612 872 1804 920 beatum

396 964 569 1014 corpus
585 949 808 1013 Lingonis
827 960 896 996 est
914 949 1191 1011 exhibitum,
1214 950 1276 998 ad
1293 950 1582 998 antedictum
1596 959 1805 998 castrum

396 1024 734 1073 adducebatur.
772 1028 989 1091 Cumque
1017 1027 1187 1074 milites
1221 1044 1331 1074 cum
1364 1027 1600 1091 equitibus
1630 1043 1803 1092 praece-

397 1102 563 1150 dentes
595 1113 702 1168 post
735 1113 863 1168 terga
893 1104 1135 1165 traherent
1164 1105 1395 1164 vinctum,
1431 1104 1492 1151 ad
1531 1104 1690 1151 locum
1722 1103 1803 1151 ubi

396 1177 519 1226 beati
544 1179 824 1227 confessoris
844 1190 970 1227 artus
994 1181 1270 1245 quieverant
1290 1194 1619 1246 pervenerunt.
1648 1184 1803 1238 Quem

394 1266 746 1320 praetereuntes,
765 1257 964 1314 vinctus,
986 1258 1204 1304 invocato
1219 1261 1414 1305 nomine
1426 1257 1551 1305 beati
1568 1258 1799 1317 antistitis,

396 1333 527 1396 petiit
558 1343 610 1379 ut
639 1350 748 1380 eum
774 1350 855 1380 sua
881 1334 1204 1381 misericordia
1225 1334 1460 1382 liberaret.
1483 1336 1593 1392 Quo
1615 1345 1799 1394 orante,

394 1410 530 1463 laxati
554 1420 665 1456 sunt
683 1410 838 1473 laquei
858 1410 918 1457 de
936 1411 1157 1458 manibus
1176 1411 1292 1475 ejus,
1318 1421 1363 1458 et
1385 1411 1591 1458 sentiens
1612 1427 1661 1458 se
1680 1411 1802 1458 solu-

394 1494 514 1546 tum,
545 1486 757 1549 quietum
792 1486 1019 1543 reddidit3
1046 1487 1376 1551 coopertisque
1403 1486 1637 1546 manibuS‚
1663 1497 1799 1552 puta-

394 1560 530 1607 batur
552 1561 709 1608 adhuc
729 1578 829 1609 esse
846 1561 1030 1625 ligatus,
1052 1563 1249 1625 lngressi
1261 1571 1419 1609 autem
1436 1571 1622 1626 portam
1642 1563 1799 1621 castri,

393 1653 502 1684 cum
526 1639 832 1686 aute'atrium
858 1639 1064 1687 ecclesiae
1086 1640 1432 1704 pervenissent,
1460 1639 1539 1687 hic
1561 1641 1798 1702 exsiliens,

392 1723 437 1760 et
456 1715 706 1779 corrigiam
722 1716 953 1779 ligaminis
968 1716 1255 1764 trahentium
1268 1717 1315 1763 in
1331 1732 1474 1763 manu
1492 1726 1673 1776 tenens,
1689 1734 1800 1765 cum

368 1791 564 1838 ‹auxilio
596 1793 937 1857 omnipotentis
970 1795 1056 1840 Dei
1089 1803 1136 1841 et
1168 1792 1367 1841 obtentu
1402 1793 1530 1841 beati
1563 1794 1799 1859 pontificis

391 1867 614 1915 liberatus
633 1879 715 1915 est.
740 1869 1026 1917 Admirabile
1047 1879 1204 1917 autem
1221 1879 1290 1917 est
1305 1879 1351 1916 et
1365 1869 1480 1917 illud
1498 1871 1794 1926 miraculum,

391 1945 591 2008 qualiter
616 1944 807 1992 beatum
829 1963 1002 2011 corpus
1027 1947 1126 2010 ejus
1149 1963 1258 1993 cum
1280 1956 1387 2010 post
1410 1947 1558 1994 multa
1582 1956 1796 2011 tempora

392 2021 737 2079 transferretur,
758 2023 974 2087 apparuit
986 2022 1257 2086 gloriosum.
1273 2024 1392 2068 Cum
1405 2022 1568 2070 beatus
1586 2023 1795 2088 pontifex

390 2097 437 2143 in
464 2098 637 2161 angulo
659 2097 861 2145 basilicae
883 2099 1040 2145 suisset
1066 2098 1292 2163 sepultus,
1317 2108 1362 2145 et
1386 2115 1558 2163 parvus
1581 2110 1701 2147 esset
1721 2101 1793 2147 lo-

389 2190 473 2220 cus
494 2174 587 2233 ille,
610 2191 698 2221 nec
722 2175 784 2221 ibi
804 2175 967 2240 populi
991 2176 1057 2222 sic
1076 2185 1266 2240 possent
1287 2175 1510 2223 accedere
1529 2186 1580 2222 ut
1601 2176 1795 2224 devotio

390 2250 672 2314 postulabat,
688 2262 875 2298 sanctus
887 2252 1111 2298 Tetricus¹
1129 2251 1250 2298 filius
1263 2262 1308 2299 et
1327 2269 1568 2299 successor
1583 2253 1682 2316 ejus
1695 2252 1796 2301 haec

389 2344 605 2385 cernens,
630 2338 676 2375 et
698 2329 894 2375 virtutes
921 2327 1114 2376 assidue.
1132 2329 1318 2393 operari
1344 2330 1652 2394 prospiciens,
1684 2341 1796 2378 ante

388 2404 533 2451 altare
563 2404 766 2452 basilicae
803 2404 1110 2452 fundamenta
1146 2405 1285 2469 jecit,
1325 2416 1574 2470 erectaque
1609 2406 1792 2466 absida,

389 2472 510 2527 miro
528 2497 672 2545 opere
693 2482 953 2528 construxit
974 2490 1021 2528 et
1043 2481 1317 2528 transvolvit
1337 2500 1346 2528 :
1371 2499 1464 2546 qua
1485 2483 1790 2544 transvoluta,

388 2556 698 2620 disruptoque
734 2558 910 2621 pariete
924 2593 936 2616 ,
984 2574 1147 2604 arcum
1185 2557 1446 2604 aedificavit.
1490 2559 1631 2616 Quod
1673 2575 1795 2623 opus

389 2633 648 2697 perfectum
678 2644 820 2698 atque
853 2645 1160 2693 exornatum,
1195 2635 1243 2680 in
1278 2635 1436 2681 medio
1462 2634 1635 2682 absidae
1659 2635 1791 2682 locu-

442 2794 501 2847 (1)
529 2796 588 2835 Cf.
609 2797 706 2838 Hist.
727 2796 795 2838 lib.
817 2799 883 2844 IV,
903 2811 988 2851 cap.
1008 2812 1089 2839 xvx.
1106 2799 1192 2852 (R.)
