2054 3450
396 312 443 347 42
760 309 826 343 DE
854 306 1040 344 GLORIA
1067 305 1433 343 CONFESSORUM.

393 398 532 443 miser
553 395 750 441 afflictus
771 393 903 439 malis
924 409 1031 439 sero
1057 393 1293 454 recogitat,
1320 391 1481 438 dicens
1508 410 1518 437 z
1543 412 1565 433 «
1583 391 1794 449 Peccavi,

392 490 450 520 eo
473 470 605 536 quod
629 469 987 534 exspoliaverim
1018 468 1263 516 ecclesiam
1282 468 1387 525 Dei,
1412 478 1552 531 atque
1571 467 1798 531 episcopo

392 559 555 596 sancto
574 547 813 593 intulerim
830 546 1067 609 injuriam.
1091 549 1224 591 Nunc
1243 554 1403 591 autem
1420 545 1483 592 ite
1499 544 1793 607 quantocius,

392 635 440 671 et
456 624 639 671 reddita
655 623 782 682 villa,
799 632 1043 670 sexcentos
1057 638 1226 668 aureos
1237 637 1377 685 super
1398 619 1632 666 tumulum
1652 621 1800 667 sancti

394 701 642 765 deponite;
668 709 736 746 est
757 701 883 746 enim
905 698 1019 745 mihi
1043 714 1149 763 spes
1173 697 1304 761 quod
1323 713 1397 743 res
1422 695 1606 743 reddita
1628 695 1801 742 tribuat

395 778 636 842 aegrotanti
666 776 959 823 medelam.»
993 775 1136 833 Quod
1161 774 1402 821 audientes
1429 772 1649 818 homines
1682 773 1796 836 ejus,

396 864 585 918 accepta
607 854 823 918 pecunia,
859 853 1069 900 fecerunt
1091 853 1208 898 sicut
1229 851 1294 897 eis
1319 850 1467 896 fuerat
1498 850 1798 913 imperatum.

400 931 722 978 Reddiderunt
741 947 923 992 agrum,
943 928 1215 991 solidosque
1235 943 1377 991 super
1393 926 1660 990 sepulcrum
1684 925 1804 972 servi

397 1008 479 1053 Dei
503 1017 780 1072 posuerunt.
821 1005 913 1052 Sed
947 1021 1057 1052 cum
1081 1005 1175 1050 hoc
1201 1004 1430 1062 fecissent,
1468 1002 1621 1048 statim
1654 1001 1731 1048 ille
1755 1002 1802 1047 in

398 1085 503 1131 loco
530 1100 626 1147 quo
651 1093 751 1130 erat
774 1083 989 1147 spiritum
1013 1080 1270 1138 exhalavit;
1296 1079 1596 1142 lucratusque
1623 1087 1693 1125 est
1719 1077 1802 1124 de-

398 1161 671 1207 trimentum
704 1160 871 1206 animae
904 1175 988 1223 per
1021 1157 1323 1222 adeptionem
1359 1155 1683 1219 acquisitionis
1714 1155 1804 1200 ini-

398 1254 519 1302 quae.
555 1237 814 1301 Episcopus
841 1245 1002 1283 autem
1034 1234 1238 1282 obtinuit
1268 1234 1496 1280 ultionem
1521 1232 1582 1279 de
1613 1231 1805 1278 inimico

404 1313 637 1373 Ecclesiae,
675 1330 817 1377 quam
853 1313 1134 1377 promiserat
1157 1310 1361 1357 futuram
1386 1325 1470 1373 per
1503 1307 1687 1355 athletae
1719 1308 1806 1354 Dei

401 1391 636 1437 virtutem.
1585 1394 1588 1395 ⁷

941 1488 1094 1523 CAPUT
1120 1488 1273 1522 LXXII.

700 1581 752 1613 De
771 1587 891 1613 sancto
908 1579 1052 1614 Arvatio
1071 1578 1310 1624 Trajectensi¹
1333 1577 1513 1624 episcopo.

466 1688 699 1735 Arvatius¹
715 1703 828 1734 vero
843 1687 1146 1749 Trajectensis
1164 1687 1431 1751 episcopus,
1450 1695 1664 1750 tempore
1682 1684 1808 1732 Chu⁴

401 1781 592 1824 norum,
627 1781 737 1811 cum
771 1764 831 1812 ad
857 1763 1185 1828 irrumpendas
1221 1772 1587 1827 prorumperent
1618 1761 1807 1820 Gallias,

402 1842 538 1889 fuisse
558 1851 877 1897 memoratum
903 1842 983 1904 qui
1002 1851 1046 1887 et
1066 1841 1274 1904 sepultus
1291 1839 1490 1886 refertur
1503 1838 1637 1902 juxta
1656 1838 1810 1902 ipsum

401 1929 599 1983 pontem
617 1919 795 1981 aggeris
818 1917 997 1982 publici
1017 1935 1026 1961 ε
1054 1917 1176 1962 circa
1201 1917 1336 1978 cujus
1353 1915 1622 1979 sepulcrum
1643 1927 1811 1977 quam—

453 2069 508 2114 (1)
540 2070 768 2117 Trtjectensi,
787 2067 851 2104 hic
870 2076 908 2105 et
922 2067 1023 2104 infra
1043 2069 1145 2104 2204
1160 2095 1171 2112 ‚
1194 2069 1320 2114 22053
1344 2062 1589 2103 Triectensem
1611 2061 1651 2103 εί
1665 2068 1812 2114 'Tm'jec-

402 2136 538 2163 tensem
560 2127 695 2174 Cl.-F;
725 2129 947 2173 TreJectensz'
966 2127 1064 2164 2791
1081 2142 1092 2174 ;
1118 2126 1222 2176 quod
1246 2125 1452 2176 aliquando
1472 2134 1641 2163 mutatur
1660 2125 1701 2162 in
1721 2128 1808 2162 Tra·

394 2190 556 2233 Jeceense'
568 2217 579 2234 ‚
600 2199 622 2223 a
643 2195 857 2224 correctore
875 2186 1062 2236 quodam,
1087 2193 1158 2222 x11⁰
1177 2185 1331 2225 saeculo.

454 2244 510 2296 (2)
539 2245 599 2282 Sic
625 2244 768 2282 habent
789 2258 876 2284 mss.
907 2253 944 2282 et
963 2244 1069 2291 editi,
1095 2257 1191 2294 quos
1211 2244 1311 2290 vidi,
1340 2253 1501 2294 excepto
1523 2243 1636 2280 unico
1655 2243 1755 2281 Clar.
1775 2255 1811 2292 a,

402 2302 468 2352 qui
488 2303 603 2341 habet
619 2307 823 2351 Set-vatius,
844 2303 902 2341 cui
924 2303 1110 2341 consentit
1129 2303 1216 2342 cod.
1236 2306 1275 2341 S.
1288 2302 1483 2340 Laurentii
1498 2302 1734 2350 Leodiensis,
1749 2301 1814 2352 qui

403 2361 493 2400 huic
507 2363 675 2400 ecclesiae
693 2362 842 2401 oblatus
859 2362 969 2400 estin
985 2354 1070 2410 ejus*
1086 2361 1325 2400 dedicatione
1341 2376 1363 2400 a
1380 2361 1601 2413 Reginardo
1615 2361 1815 2400 Leodiensi

403 2423 537 2473 episc„
564 2436 627 2462 an.
655 2424 771 2470 1034,
802 2431 843 2459 ut
866 2422 1043 2460 observat
1069 2421 1332 2460 Heuschenius
1357 2421 1492 2473 (Exeg.
1521 2421 1568 2474 de
1596 2421 1816 2473 episcopatu

401 2481 580 2533 Traiect.)
606 2480 672 2518 ubi
699 2484 860 2519 Servatii
887 2494 1027 2519 nomen
1062 2494 1144 2519 esse
1174 2480 1414 2519 retinendum
1444 2479 1651 2518 contendit.
1687 2479 1816 2518 Codex

403 2548 529 2578 tamen
556 2543 594 2578 S.
619 2540 790 2591 Dyonisii
817 2540 954 2578 saeculo
978 2554 1050 2577 vm
1076 2540 1252 2591 scriptus,
1279 2553 1392 2590 quem
1421 2552 1538 2590 penes
1562 2551 1602 2576 se
1625 2537 1813 2586 hahebat,

403 2601 604 2636 Aravatius
631 2598 801 2639 exhibet.
832 2599 952 2640 sicet
983 2598 1068 2637 cod.
1097 2599 1364 2645 mariacensis,
1391 2599 1431 2635 in
1462 2598 1630 2648 capitum
1653 2589 1780 2634 indice
1802 2610 1811 2634 t

403 2659 462 2694 De
488 2659 667 2694 Araoatio
695 2660 983 2704 Trajectensioem
1008 2662 1194 2707 episcopo,
1223 2659 1341 2695 Porro
1365 2657 1438 2694 hac
1462 2657 1587 2707 prima
1617 2655 1815 2694 occasione

403 2719 657 2767 Tungrorum>
676 2716 895 2767 episcopum
918 2717 1194 2763 Trajectensem
1226 2724 1485 2767 nuncupatum
1508 2714 1686 2753 observat
1704 2714 1816 2765 Vale:-

406 2775 505 2822 sius3
523 2775 614 2815 Bad.
635 2784 775 2822 tamen,
794 2784 832 2812 et
846 2775 945 2814 Clar.
963 2789 999 2825 a,
1018 2776 1082 2814 alt.
1098 2789 1228 2824 manu,
1245 2775 1308 2812 hic
1321 2775 1464 2812 habent
1480 2777 1715 2825 Tungrensis.
1729 2772 1819 2825 (R.)
