2054 3450
370 325 447 361 1⁶26
732 324 799 359 DE
826 322 1016 359 GLORIA
1045 323 1416 360 CONFESSORUM.

369 410 497 475 apud
522 409 886 473 Lugdunensem
904 409 1074 456 urbem
1099 410 1176 455 vix
1200 410 1262 456 ita
1284 409 1528 467 laborans,
1557 420 1609 456 ut
1631 425 1782 456 unum

369 487 589 532 triantem
630 496 787 550 posset
825 485 1027 546 habere,
1073 501 1299 532 accensus
1344 487 1445 533 auri
1486 485 1783 533 exsecrabilis

370 579 502 610 sacra
525 563 671 623 fame,
700 563 852 609 voluit
878 580 963 624 per
985 579 1097 610 eum
1116 562 1290 610 sacculi
1311 578 1395 609 ora
1419 563 1624 627 replere,
1648 563 1783 627 juxta

371 640 505 686 illum
528 640 773 686 Prudentii
795 641 945 686 nostri
967 638 1252 686 versiculum
1277 657 1287 684 :

606 764 703 802 Auri
724 777 892 815 namque
910 764 1029 802 fames
1047 772 1158 816 parto
1177 762 1416 815 conquiritur
1432 775 1542 804 aur0.

438 875 582 938 Igitur
599 874 659 921 de
677 874 791 921 hoc¹
811 876 980 921 triante
1000 876 1164 921 vinum
1185 883 1448 939 comparat,
1470 873 1786 937 admixtisque

373 951 524 1015 aquis,
547 951 718 997 iterum
742 968 825 1016 per
846 961 1094 1014 argenteos
1116 951 1428 1011 venumdans,
1455 950 1622 1015 duplat
1646 967 1786 1016 pecu-

375 1026 518 1073 niam.
543 1030 646 1074 Hoc
665 1028 837 1074 iterum
857 1037 997 1091 atque
1017 1028 1188 1074 iterum
1210 1028 1321 1090 agit,
1344 1037 1390 1074 et
1412 1037 1510 1073 tam
1530 1026 1614 1073 diu
1636 1027 1787 1092 turpis

374 1102 492 1150 lucri
517 1113 719 1150 sectator
743 1114 814 1151 est
840 1105 1009 1163 factus,
1042 1120 1290 1168 usquequo
1314 1114 1506 1150 centum
1529 1103 1705 1150 solidos
1726 1103 1787 1151 de

374 1179 471 1227 hoc
503 1181 673 1227 triante
706 1182 984 1228 lucraretur.
1020 1182 1113 1228 Sed
1140 1180 1373 1244 judicium
1407 1180 1494 1226 Dei
1528 1180 1788 1228 confutavit

375 1259 503 1307 lucra
531 1258 726 1306 diaboli.
760 1262 1032 1323 Congerens
1059 1259 1187 1305 enim
1215 1275 1382 1306 avarus
1410 1259 1674 1322 negotiator
1701 1275 1788 1307 au-

375 1353 480 1383 rum
511 1336 559 1382 in
589 1336 852 1396 sacculum,
883 1352 1183 1401 possessurus
1212 1335 1463 1399 pecuniam
1493 1334 1631 1380 unius
1658 1334 1788 1380 horae

377 1423 640 1474 momento,
661 1414 852 1461 alterius
870 1413 1175 1477 negotiatoris
1197 1411 1437 1459 nundinas
1455 1411 1568 1458 adit.
1598 1413 1788 1458 Extrac-

378 1500 522 1555 toque
542 1491 710 1537 triante
729 1491 862 1554 quasi
883 1489 1060 1554 aliquid
1082 1489 1422 1552 negotiaturus,
1449 1488 1658 1552 colloqui
1677 1504 1789 1535 cum

376 1569 506 1614 socio
536 1567 702 1631 coepit;
733 1576 831 1613 erat
861 1575 1020 1613 autem
1050 1565 1262 1612 sacculus
1290 1582 1346 1612 ex
1377 1565 1499 1629 pelle
1524 1565 1786 1623 Phoenicia,

377 1645 495 1691 sicut
518 1644 592 1690 his
614 1659 758 1690 manu
788 1652 967 1706 gestare
996 1659 1099 1689 mos
1127 1652 1210 1688 est.
1242 1645 1298 1688 Et
1325 1658 1434 1689 ecce
1462 1641 1619 1688 subito
1646 1641 1791 1689 adve-

377 1721 511 1768 niens
535 1720 702 1766 milvus
727 1720 849 1784 rapit
870 1736 982 1766 eum
1003 1718 1223 1784 pedibus,
1245 1730 1387 1783 atque
1410 1718 1663 1783 decerpere
1688 1728 1790 1766 ten-

377 1808 464 1858 tat,
503 1807 673 1863 putans
696 1813 724 1844 a
751 1796 912 1843 colore
939 1806 1122 1862 partem
1145 1796 1352 1859 aliquam
1377 1795 1530 1842 carnis
1553 1812 1671 1842 esse.
1697 1795 1791 1843 Sed

377 1892 485 1922 cum
522 1874 638 1920 nihil
672 1873 970 1938 pinguedinis
1005 1874 1198 1919 sentiret
1228 1873 1274 1918 in
1308 1889 1390 1933 eo,
1427 1872 1620 1919 evolans
1649 1888 1790 1937 super

379 1954 566 2001 alveum
596 1953 768 2009 Araris,
799 1951 859 1998 de
887 1967 984 2015 quo
1011 1951 1091 1997 hic
1117 1966 1263 2014 aquas
1286 1950 1510 1996 hauriens
1537 1950 1650 1995 vino
1677 1949 1790 1996 mis-

378 2038 562 2089 cuerat,
595 2028 801 2075 laxatum
834 2026 1075 2074 sacculum
1109 2026 1279 2090 dejecit
1309 2027 1356 2072 in
1391 2025 1588 2072 flumen.
1627 2029 1682 2072 At
1713 2024 1791 2072 ille

379 2105 684 2172 apprehensis
705 2104 908 2169 capillis,
937 2103 1116 2150 elidens
1139 2119 1189 2150 se
1221 2102 1283 2149 ad
1315 2113 1513 2161 terram,
1542 2118 1789 2166 spargens-

380 2200 472 2248 que
499 2182 742 2248 pulverem
771 2197 914 2245 super
942 2190 1085 2244 caput
1112 2196 1271 2239 suum,
1300 2179 1454 2226 aiebat
1483 2196 1493 2224 ι
1524 2198 1546 2222 «
1566 2181 1645 2225 Vae
1675 2176 1793 2224 mihi

382 2261 463 2324 qui
472 2259 652 2323 judicio
668 2259 755 2304 Dei
772 2274 1024 2322 oppressus
1042 2255 1228 2322 perdidi
1244 2256 1498 2320 pecuniam
1512 2271 1616 2319 quae
1631 2255 1794 2318 inique

382 2337 532 2383 fuerat
565 2344 835 2399 aggregata,
870 2350 982 2381 nam
1013 2350 1073 2380 ex
1104 2349 1200 2379 uno
1237 2333 1407 2379 triante
1441 2342 1632 2380 centum
1668 2331 1794 2379 erexi

381 2414 559 2461 solidos
582 2431 593 2458 ε
620 2415 754 2460 Nunc
773 2412 968 2476 perditis
987 2421 1179 2458 centum
1203 2410 1381 2468 solidis,
1407 2427 1531 2457 unus
1553 2409 1670 2456 mihi
1689 2419 1795 2457 tan-

381 2501 484 2537 tum
505 2490 728 2537 remansit
749 2489 911 2535 trians.
932 2490 1012 2534 Vae
1034 2487 1170 2547 mihi,
1195 2473 1425 2534 sicut¹feci
1447 2488 1514 2534 sic
1535 2487 1688 2551 recepi
1713 2504 1723 2532 :
1749 2495 1796 2533 et

382 2568 465 2631 qui
483 2584 509 2613 e
528 2566 678 2613 nihilo
696 2582 778 2612 eos
799 2564 965 2623 habui,
981 2564 1043 2611 ad
1064 2563 1266 2611 nihilum
1283 2563 1474 2611 rediisse
1495 2563 1789 2627 conspicio.»

385 2643 580 2689 —Talis
594 2642 815 2705 pecunia,
835 2639 1045 2698 diabole,
1067 2650 1146 2687 tua
1170 2649 1255 2701 est,
1278 2656 1363 2703 per
1387 2640 1476 2686 tale
1496 2639 1684 2685 lucrum
1707 2638 1791 2686 de-

439 2794 495 2841 (1)
521 2791 592 2830 Hic
611 2791 748 2830 desinit
767 2791 876 2830 Colb.
894 2804 918 2829 a
938 2790 1076 2843 (2205)
1095 2790 1239 2854 caeteris
1257 2789 1413 2830 avulsis.

2039 1091 2054 1246 ..³³⁴*2z—-mv
2050 1022 2054 1055 ss-
