2054 3450
461 339 535 374 320
971 339 1099 374 VITAE
1125 338 1345 375 PATRUM.

1030 512 1183 547 CAPUT
1207 513 1291 549 XV.

907 615 958 647 De
978 622 1096 648 sancto
1115 614 1255 649 Senoch
1272 613 1409 647 abbate.

525 754 547 775 «
578 734 767 781 Vanitas
792 734 1131 793 vanitantium,
1157 733 1272 780 dicit
1293 733 1608 792 Ecclesiastes,
1634 718 1864 782 et'omnia

457 809 654 857 vanitas.
683 831 705 854 »
743 813 983 856 Verumne
1019 820 1089 856 est
1129 819 1241 874 ergo
1278 809 1410 873 quod
1445 809 1607 856 omnia
1645 826 1750 874 quae
1782 825 1859 872 ge-

454 897 625 934 runtur
663 888 711 933 in
746 887 928 934 mundo
969 897 1139 934 cuncta
1176 887 1270 934 sint
1304 886 1520 934 vanitas?
1559 887 1686 934 unde
1727 886 1778 933 fit
1811 895 1864 933 ut

454 965 602 1011 sancti
626 965 735 1023 Dei,
761 981 882 1028 quos
904 964 1061 1011 nullus
1085 964 1337 1011 libidinum
1367 974 1507 1011 aestus
1538 964 1727 1024 exussit,
1753 963 1864 1010 nul-

453 1040 524 1087 lus
558 1042 951 1106 concupiscentiae
984 1043 1231 1105 exagitavit
1265 1042 1503 1096 stimulus,
1532 1058 1652 1105 quos
1677 1041 1862 1088 nullum

452 1117 645 1165 luxuriae
663 1135 855 1165 coenum
879 1135 967 1165 nec
989 1119 1037 1164 in
1060 1119 1177 1183 ipsa,
1211 1129 1262 1165 ut
1288 1119 1352 1165 ita
1376 1118 1557 1177 dicam,
1583 1118 1864 1181 cogitatione

453 1196 663 1254 tentavit,
685 1205 787 1242 astu
806 1196 1053 1242 tentatoris
1077 1195 1206 1256 elati,
1231 1195 1319 1242 visi
1339 1205 1448 1241 sunt
1472 1194 1562 1241 sibi
1584 1211 1684 1242 esse
1704 1194 1863 1258 justis-

451 1272 574 1331 simi,
603 1282 648 1319 et
674 1272 737 1318 ob
770 1272 863 1318 hoc
890 1273 1124 1335 J'actantioe
1152 1272 1450 1319 cothurnosae
1483 1272 1668 1336 perflati
1699 1287 1861 1336 super-

450 1349 576 1410 cilio,
611 1350 776 1415 saepius
802 1359 1116 1397 corruerunt:
1149 1350 1422 1414 factumque
1455 1360 1525 1397 est
1554 1351 1641 1412 ita,
1669 1361 1719 1396 ut
1739 1366 1861 1414 quos

450 1443 548 1473 non
573 1427 718 1474 valuit
736 1426 973 1490 majorum
993 1427 1245 1473 criminum
1268 1427 1450 1489 gladius
1473 1426 1728 1483 trucidare,
1748 1426 1862 1474 levis

449 1504 667 1551 vanitatis
703 1504 858 1550 sumus
887 1503 1100 1550 addictos
1124 1503 1258 1550 facile
1281 1503 1621 1567 pessumdaret.
1657 1503 1788 1550 Sicut
1816 1512 1863 1550 et

449 1582 548 1646 ipse
571 1580 665 1642 ille,
699 1581 758 1627 de
795 1597 893 1644 quo
917 1597 1048 1627 nunc
1072 1580 1212 1627 nobis
1240 1597 1397 1627 sermo
1423 1581 1606 1628 futurus
1635 1591 1721 1640 est,
1750 1596 1861 1627 cum
1920 1604 1921 1607 ¹

448 1659 606 1706 multis
636 1658 886 1705 virtutibus
924 1658 1182 1714 floruisset,
1221 1675 1342 1723 pene
1381 1659 1428 1704 in
1461 1657 1542 1704 illo
1582 1656 1860 1721 arrogantiae

446 1736 672 1784 barathro
698 1735 897 1783 obrutus
915 1736 1238 1794 occumberet,
1265 1736 1302 1782 si
1329 1752 1439 1782 eum
1466 1752 1565 1782 non
1595 1735 1860 1782 exhortatio

448 1813 642 1862 fratrum
666 1813 876 1861 fidelium
899 1823 1077 1861 attenta
1109 1823 1444 1878 recuperasset.

514 1891 557 1935 1.
598 1890 740 1952 Igitur
764 1888 928 1935 beatus
958 1888 1163 1946 Senoch,
1190 1897 1327 1951 gente
1351 1886 1653 1951 Theiphalu8‚
1684 1887 1860 1935 Pictavi

446 1966 575 2029 pagi,
612 1982 754 2030 quem
783 1965 1107 2029 'I'heiphaliam
1146 1974 1348 2021 vocant,
1396 1964 1626 2011 oriundus
1661 1963 1774 2024 fuit,
1813 1972 1860 2011 et

446 2057 702 2088 conversus
726 2040 786 2088 ad
807 2041 1069 2087 Dominum
1092 2040 1383 2103 clericusque
1411 2040 1560 2087 factus
1576 2075 1588 2099 ‚
1615 2050 1858 2087 monaste-

446 2118 569 2164 rium
587 2117 675 2164 sibi
703 2117 917 2164 instituit.
950 2116 1138 2180 Reperit
1162 2116 1291 2163 enim
1312 2116 1431 2162 infra
1461 2116 1681 2163 territorii
1709 2118 1856 2162 Turo-

447 2195 539 2241 nici
568 2196 822 2241 terminum
864 2194 1061 2258 parietes
1096 2194 1338 2257 antiquos,
1385 2209 1507 2257 quos
1543 2192 1800 2240 eruderans
1829 2207 1859 2239 a

447 2272 619 2328 ruinis,
663 2271 979 2319 habitationes
1025 2271 1201 2335 aptavit
1245 2270 1434 2334 dignas3
1485 2269 1752 2333 reperitque
1792 2268 1859 2316 ibi

448 2348 733 2409 oratorium,
769 2348 816 2394 in
849 2364 945 2411 quo
972 2346 1209 2394 serebatur
1233 2345 1417 2393 celebre
1448 2355 1664 2392 nostrum
1700 2360 1859 2392 orasse

445 2426 715 2472 Martinum.
747 2424 890 2482 Quod
922 2424 1133 2488 diligenti
1165 2439 1279 2470 cura
1315 2423 1662 2487 compositum,
1700 2433 1856 2471 erecto

446 2502 605 2561 altari,
646 2503 954 2566 loculumque
983 2502 1030 2547 in
1068 2517 1126 2548 eo
1160 2500 1219 2548 ad
1257 2500 1552 2564 recipiendas
1584 2510 1857 2548 sanctorum

447 2581 666 2643 reliquias
697 2589 1034 2646 praeparatum,
1062 2578 1122 2625 ad
1150 2576 1532 2624 benedicendum
1559 2577 1724 2624 invitat
1753 2578 1856 2643 epi-

445 2675 661 2722 scopum.
699 2658 861 2704 Adfuit
897 2666 1010 2703 tunc
1044 2655 1343 2721 Euphronius
1373 2654 1540 2702 beatus
1573 2655 1853 2720 episcopus,

444 2735 526 2798 qui
548 2745 822 2782 consecrato
845 2734 997 2795 altari,
1015 2734 1291 2781 diaconatus
1308 2749 1419 2780 eum
1435 2732 1620 2780 honore
1638 2732 1850 2781 donavit.

447 2810 701 2859 Celebratis
724 2812 863 2875 igitur
886 2812 1055 2870 missis,
1084 2828 1194 2858 cum
1217 2808 1459 2874 capsulam
1480 2809 1786 2874 reliquiarum
1803 2811 1852 2857 in
