2054 3450
408 350 483 386 264
922 349 1051 385 VITAE
1077 348 1294 385 PATRUM.

410 435 633 482 laniabat.
655 438 748 482 Pro
767 451 864 498 quo
888 451 972 499 per
995 434 1203 481 triduum
1226 434 1274 480 in
1298 435 1510 482 oratione
1534 445 1809 500 prostratus,

412 513 616 560 obtinuit
641 512 700 559 ad
724 512 851 559 illam
884 512 1054 558 divinae
1086 512 1398 558 miserationis
1429 513 1709 576 potentiam,
1737 523 1810 570 ut,

414 590 626 653 mitigato
650 590 831 648 furore,
867 589 996 636 letho
1021 589 1257 636 obnoxius
1282 588 1606 647 mundaretur,
1637 589 1816 636 immis-

414 667 571 729 sisque
594 668 641 712 in
667 682 720 712 os
745 667 845 730 ejus
867 665 1043 727 digitis,
1085 665 1243 728 fugato
1275 665 1427 712 feralis
1453 665 1704 712 atrocitatis
1726 666 1819 730 spi-

415 745 536 803 ritu,
586 759 835 808 personam
885 742 1083 789 restituit
1123 741 1450 788 incolumitati.
1497 741 1656 788 Nullas
1693 742 1820 788 enim

416 831 525 868 ante
559 837 667 867 enm
705 820 827 866 vires
866 819 1040 866 habere
1083 828 1265 883 poterat
1302 818 1618 883 persuasionis
1650 818 1821 881 iniquae

417 898 718 962 praestigium.
743 899 860 943 Nam
878 898 998 943 sicut
1014 896 1102 943 hos
1115 897 1194 960 qui
1213 895 1502 942 vexabantur
1515 884 1818 955 emundabat,

418 975 482 1021 ita
505 984 550 1021 et
573 990 677 1037 quae
699 973 981 1020 immittebat
1004 974 1185 1020 occulte
1209 973 1385 1019 atrocia
1406 982 1570 1019 auctor
1590 972 1820 1032 criminis,

418 1050 674 1116 repellebat
699 1067 782 1115 per
803 1051 956 1097 crucis
977 1050 1293 1097 sacratissimae
1311 1051 1545 1096 virtutem.
1569 1052 1686 1095 Nam
1709 1052 1824 1096 Leu-

420 1127 553 1174 bellae
575 1127 763 1174 cuidam
791 1127 1001 1187 feminae,
1034 1143 1143 1174 cum
1178 1143 1260 1191 per
1292 1126 1417 1173 luem
1446 1122 1574 1172 illam
1609 1125 1825 1188 inguina-

422 1204 542 1251 riam
565 1204 799 1263 diabolus,
829 1205 1080 1251 Martinum
1105 1205 1342 1260 mentitus,
1370 1202 1635 1250 oblationes
1657 1202 1828 1265 quibus

424 1282 567 1345 quasi
594 1281 800 1345 populus
832 1281 1088 1327 salvaretur
1118 1281 1335 1344 nequiter
1359 1279 1632 1339 obtulisset,
1665 1279 1737 1325 hae
1768 1278 1829 1326 ad

425 1367 638 1404 sanctum
663 1357 849 1417 delatae,
880 1374 976 1404 non
1008 1359 1161 1404 solum
1193 1358 1429 1404 revelante
1462 1356 1634 1421 Spiritu
1667 1365 1830 1402 sancto

426 1445 738 1488 evanuerunt,
754 1435 1061 1481 verumetiam
1077 1436 1174 1499 ipse
1190 1435 1404 1481 incentor
1419 1433 1652 1480 malorum
1669 1442 1832 1480 sancto

427 1513 692 1559 teterrimus
711 1529 961 1577 apparens,
987 1530 1089 1576 quae
1112 1513 1325 1575 nequiter
1347 1520 1549 1574 gesserat
1570 1519 1638 1556 est
1661 1510 1835 1574 profes-

429 1604 524 1634 sus.
557 1589 872 1652 Transfigurat
903 1591 1028 1636 enim
1065 1606 1113 1636 se
1147 1606 1269 1654 saepe
1298 1587 1514 1635 diabolus
1538 1588 1586 1633 in
1616 1586 1833 1650 angelum

430 1664 570 1723 ludis,
603 1675 656 1711 ut
684 1665 772 1712 hac
803 1667 964 1713 fraude
994 1666 1197 1731 decipiat
1226 1668 1519 1712 innocentes.
1546 1663 1638 1710 Sed
1661 1680 1771 1710 cum
1793 1664 1835 1709 ei

432 1741 611 1809 multas¹
628 1743 873 1790 intentaret
900 1744 1107 1804 insidias,
1131 1760 1190 1790 ne
1211 1743 1290 1789 hic
1310 1742 1581 1790 ascenderet
1608 1741 1734 1788 unde
1759 1740 1836 1787 ille

432 1829 696 1879 corruerat,
731 1820 929 1866 immisit
966 1820 1009 1867 ei
1039 1821 1399 1882 cogitationem,
1442 1828 1492 1865 ut
1529 1818 1837 1883 praetermissa

434 1911 621 1955 eremo,
657 1897 715 1942 ad
741 1898 960 1944 saeculum
987 1899 1155 1944 reverti
1184 1898 1394 1949 deberet.
1425 1896 1516 1943 Sed
1544 1897 1623 1943 hic
1653 1905 1839 1943 sanctus

436 1987 546 2018 cum
570 1973 698 2019 virus
732 1975 926 2035 grassari
960 1975 1174 2020 sensisset
1210 1974 1256 2019 in
1293 1983 1508 2038 pectore,
1541 1975 1589 2019 in
1624 1973 1840 2019 oratione

437 2059 698 2112 prostratus
720 2050 908 2114 petebat
938 2060 988 2096 ut
1015 2050 1133 2096 nihil
1161 2049 1288 2096 aliud
1318 2050 1407 2095 nisi
1439 2049 1568 2112 quod
1591 2052 1693 2095 Deo
1719 2059 1841 2095 esset

436 2125 659 2190 placitum
684 2136 935 2174 exerceret.
963 2129 1094 2173 Tunc
1122 2126 1340 2191 apparuit
1366 2126 1408 2172 ei
1431 2125 1623 2189 angelus
1647 2125 1841 2171 Domini

439 2218 522 2266 per
552 2203 729 2264 visum,
768 2203 929 2250 dicens
959 2221 969 2248 ε
1002 2204 1092 2249 «Si
1125 2205 1193 2250 vis
1230 2202 1466 2250 mundum
1504 2202 1692 2261 videre,
1734 2218 1842 2248 ecce

437 2278 681 2333 columna,
695 2260 752 2325 in
776 2294 917 2344 quam
939 2280 1198 2327 ascendens
1216 2280 1537 2344 contemplare
1557 2281 1719 2326 omnia
1740 2294 1843 2343 quae

439 2365 666 2418 geruntur
685 2356 732 2402 in
751 2373 827 2402 eo.
847 2377 870 2399 >2
894 2358 1004 2402 Erat
1020 2357 1146 2402 enim
1168 2366 1277 2403 ante
1300 2372 1409 2403 eum
1432 2372 1516 2420 per
1533 2355 1684 2419 ipsam
1704 2354 1844 2400 visio-

439 2449 550 2478 nem
584 2433 807 2480 columna
842 2434 969 2480 mirae
998 2433 1285 2480 celsitudinis
1314 2433 1573 2491 collocata,
1616 2432 1663 2478 in
1701 2446 1843 2494 quam

439 2510 698 2556 ascendens
731 2510 848 2557 vidit
881 2511 1161 2573 homicidia,
1197 2510 1343 2569 furta,
1381 2509 1554 2568 caedeS,
1590 2507 1841 2566 adulteria,

441 2587 772 2633 fornicationes
788 2597 834 2633 et
853 2588 1015 2634 omnia
1035 2603 1182 2651 prava
1203 2604 1306 2651 quae
1317 2596 1548 2650 geruntur
1568 2586 1617 2632 in
1640 2583 1840 2631 mundo.

441 2666 497 2709 Et
520 2663 810 2710 descendens
831 2659 898 2711 'ait
920 2682 930 2710 τ
950 2664 977 2709 Ψ(
997 2667 1080 2724 Ne,
1110 2681 1268 2728 quaeso
1290 2664 1518 2720 Domine,
1553 2672 1762 2709 revertar
1786 2661 1844 2708 ad

442 2739 525 2786 has
542 2742 807 2803 pravitates,
830 2757 947 2805 quas
967 2741 1150 2788 dudum
1170 2750 1214 2787 te
1233 2740 1473 2787 consessus
1488 2739 1800 2785 oblitustum.
1820 2757 1842 2781 n

442 2818 572 2862 Tunc
591 2817 655 2863 ait
677 2818 739 2863 illi
763 2819 957 2880 angelus
979 2818 1061 2880 qui
1084 2834 1192 2864 cum
1214 2834 1271 2864 eo
1296 2815 1577 2880 loquebatur
1602 2833 1611 2860 :
1638 2834 1660 2859 «
1675 2814 1846 2861 Desioe
