2054 3450
1292 182 1336 209 Ὀ

414 356 489 392 178
525 398 534 401 -
734 367 744 375 “
922 354 1051 390 VITAE
1079 355 1298 392 PATRUM.

412 440 678 505 episcopale
702 439 1035 498 sacerdotium,
1050 440 1132 503 qui
1152 439 1426 504 episcopum
1445 457 1543 488 non
1567 439 1813 488 obaudit.»

413 520 608 580 Egresso
620 526 779 564 autem
790 532 845 563 ex
858 531 915 563 ea
927 515 1187 572 sacerdote,
1203 517 1422 580 protinus
1436 533 1602 564 omnes
1613 516 1815 575 familiae,

410 609 515 657 quae
541 593 591 639 in
615 591 762 640 domo
787 592 864 639 illa
887 602 1043 651 erant,
1079 608 1106 638 a
1135 590 1265 639 febre
1298 592 1633 657 corripiuntur,
1665 603 1712 641 et
1731 610 1816 658 pa-

409 686 603 735 rumper
622 670 979 733 ingemiscentes
995 669 1213 734 spiritum
1229 669 1529 717 exhalabant.
1551 670 1694 728 Quod
1709 687 1820 718 cum

405 747 506 810 jam
527 746 605 793 die
625 747 760 794 tertia
781 756 1015 811 ageretur,
1034 746 1200 793 videns
1222 747 1499 794 Hortensius
1518 746 1608 793 sibi
1622 747 1740 795 nihil
1759 747 1820 795 de

410 824 507 870 suis
539 823 851 870 servientibus
882 824 1134 883 reservari,
1155 820 1339 870 ‘timens
1372 839 1433 870 ne
1470 823 1613 870 etiam
1642 832 1689 870 et
1722 824 1821 888 ipse

409 901 584 966 pariter
599 901 827 958 interiret,
843 899 905 947 ad
921 910 1139 947 sanctum
1153 901 1310 946 virum
1328 909 1523 947 moestus
1538 899 1818 963 ingreditur,

410 978 743 1042 projectusque
755 977 814 1024 ad
831 977 977 1042 pedes
990 978 1089 1041 ejus
1103 994 1215 1024 cum
1230 978 1450 1041 lacrymis
1461 977 1650 1024 veniam
1666 987 1818 1039 rogat.

409 1056 567 1111 Quam
589 1053 667 1100 ille
687 1052 1022 1117 benignissime
1041 1053 1309 1118 indulgens,
1331 1053 1632 1113 benedictam
1651 1069 1822 1117 aquam

410 1130 577 1178 domui
595 1131 867 1190 transmisit,
886 1130 1059 1194 illaque
1083 1147 1168 1196 per
1188 1132 1391 1197 parietes
1413 1147 1642 1198 respersa,
1662 1130 1825 1178 ‘omnis

409 1207 640 1272 aegritudo
669 1208 886 1273 protinus
913 1218 984 1254 est
1014 1207 1237 1273 depulsa,
1278 1224 1544 1272 magnaque
1580 1208 1647 1254 ibi
1678 1208 1823 1255 virtus

409 1284 649 1348 apparuit3
687 1299 799 1331 nam
830 1293 877 1331 et
907 1284 990 1348 qui
1015 1284 1312 1332 incurrerant
1334 1285 1485 1332 sanati
1509 1293 1640 1344 sunt,
1669 1293 1717 1331 et
1741 1283 1824 1348 qui

408 1362 509 1409 sani
531 1369 667 1409 erant
687 1361 807 1408 ultra
828 1378 928 1407 non
954 1362 1274 1409 incurrerunt.

471 1440 522 1486 4.
558 1441 611 1484 In
632 1438 953 1485 ecclesiasticis
971 1455 1084 1485 vero
1108 1440 1350 1504 scripturis
1368 1438 1582 1486 eruditus
1600 1447 1672 1485 est
1688 1435 1824 1484 habi-

408 1524 483 1561 tus
497 1514 578 1561 hic
593 1513 837 1573 sacerdos;
858 1514 944 1561 sed
963 1524 1010 1561 et
1025 1515 1072 1561 in
1091 1515 1405 1579 eleemosynis
1421 1513 1700 1579 magnificus
1716 1512 1820 1560 fuit.

413 1594 530 1638 Nam
563 1606 674 1637 cum
719 1606 979 1655 pauperem
1017 1593 1289 1656 quempiam
1338 1592 1543 1640 clamare
1577 1599 1821 1650 cerneret,

410 1666 566 1714 aiebat
592 1684 603 1712 z
633 1686 655 1711 «
683 1667 978 1724 Succurrite,
1017 1685 1203 1732 quaeso,
1236 1669 1519 1727 succurrite,
1553 1678 1602 1715 et
1627 1667 1826 1733 pauperi

410 1744 561 1791 victus
584 1744 846 1791 necessaria
871 1744 1147 1793 ministrate.
1174 1747 1328 1808 Ignari
1352 1747 1479 1793 enim
1509 1745 1645 1805 estis,
1677 1760 1708 1790 ο
1737 1742 1822 1791 de-

409 1820 557 1881 sides,
585 1829 634 1867 et
668 1820 862 1868 forsitan
897 1821 996 1886 ipse
1018 1832 1088 1869 est
1111 1823 1195 1887 qui
1222 1839 1271 1870 se
1303 1839 1389 1887 per
1418 1821 1695 1886 evangelicae
1723 1819 1823 1867 lec-

410 1898 551 1944 tionis
573 1897 744 1945 seriem
766 1897 1074 1946 reficiendum
1098 1899 1148 1946 in
1179 1899 1470 1964 pauperibus
1494 1898 1702 1946 minimis
1723 1913 1824 1944 esse

410 1973 655 2022 mandavit
665 1977 694 2019 ¹.
705 1995 727 2017 υ
742 1973 970 2038 Ejiciebat
986 1988 1146 2023 autem
1160 1986 1206 2023 et
1218 1976 1453 2023 daemonia
1465 1992 1515 2024 se
1527 1974 1819 2023 confitentia.

410 2052 462 2095 In
484 2051 825 2097 monasterium
848 2060 1007 2097 autem
1034 2051 1438 2100 Canbidobrinse’
1455 2052 1651 2099 veniens
1665 2087 1678 2110 ,
1710 2066 1823 2098 cum

411 2142 787 2190 energumenum
822 2126 1081 2191 quemdam
1122 2129 1368 2193 reperisset
1403 2129 1609 2177 atrocius
1643 2126 1821 2174 debae-

411 2203 656 2265 chantem,
683 2204 809 2251 misit
829 2204 1132 2269 presbyteros
1150 2216 1203 2253 ut
1226 2207 1270 2253 ei
1294 2223 1464 2254 manus
1486 2207 1818 2271 imponerent:

411 2279 495 2328 sed
523 2297 633 2327 cum
666 2297 835 2328 eorum
870 2282 1215 2330 exorcizatione
1245 2282 1379 2331 larva
1409 2300 1509 2330 non
1540 2283 1704 2329 fuisset
1738 2297 1821 2327 ex-

411 2356 562 2421 pulsa,
582 2367 771 2404 sanctus
785 2357 873 2404 Dei
889 2358 1108 2406 cominus
1127 2361 1518 2425 appropinquans
1539 2369 1587 2406 et
1604 2357 1824 2406 immissis

411 2434 459 2480 in
480 2450 534 2480 os
556 2434 656 2498 ejus
678 2433 850 2498 digitis,
877 2451 1130 2500 personam
1148 2436 1358 2484 reddidit
1375 2436 1658 2484 absolutam.
1677 2433 1824 2481 Multa

411 2520 458 2557 et
479 2511 570 2557 alia
594 2511 820 2557 miracula
841 2511 913 2557 vir
942 2511 1108 2559 beatus
1138 2523 1360 2578 operatus
1392 2523 1490 2572 est,
1528 2522 1575 2560 et
1608 2511 1823 2559 oratione

411 2587 557 2647 facta,
599 2588 767 2652 saepius
800 2605 905 2653 quae
940 2590 1133 2654 petisset
1168 2589 1229 2637 ad
1260 2591 1521 2638 Dominum
1555 2587 1817 2636 obtinebat.

464 2766 523 2820 (1)
551 2769 694 2808 Manli.
714 2781 810 2819 xxv,
831 2771 897 2810 40.

467 2825 526 2879 (2)
553 2827 636 2865 Bal.
660 2827 958 2867 Candidobrinse
972 2826 1074 2880 (R..)
1092 2849 1142 2858 —
1157 2828 1262 2867 Alias
1282 2826 1582 2868 Cambidrobum.
