2054 3450
359 351 376 386 1
387 350 435 386 70
718 372 729 379 -
871 352 1000 387 VITAE
1027 352 1245 392 PATRUM.

938 509 1093 544 CAPUT
1117 510 1184 547 Iv.

762 612 814 646 De
833 619 952 646 sancto
970 611 1164 655 Quintiano
1183 613 1362 661 episcope.

422 731 590 778 Omnis
614 732 696 795 qui
725 748 774 778 se
795 741 991 779 terrenae
1014 733 1219 780 materiae
1242 749 1416 798 corpus
1442 732 1562 780 ferre
1584 750 1767 797 cogno-

357 808 465 866 scit,
487 809 694 870 cogitare
713 808 878 868 debet,
911 825 971 856 ne
993 810 1041 856 in
1068 810 1140 856 his
1160 809 1441 857 devolvatur
1464 827 1559 875 que
1581 821 1767 859 terrena

357 893 402 930 et
428 884 582 931 carnis
609 884 750 948 hujus
766 886 918 932 amica
937 903 1036 934 esse
1058 896 1347 942 noscuntur;
1369 887 1480 951 quia
1500 887 1630 950 juxta
1650 904 1767 953 apo-

356 961 530 1007 stolum
544 961 743 1008 Paulum
761 980 771 1007 :
793 983 815 1005 «
833 963 1077 1011 Manifesta
1091 973 1200 1010 sunt
1214 980 1358 1028 opera
1375 964 1553 1010 carnis¹
1568 981 1611 1022 »,
1629 964 1768 1029 plena

357 1037 659 1084 immunditia
677 1047 724 1085 et
738 1038 1008 1101 iniquitate,
1036 1040 1368 1104 pollutumque
1391 1049 1438 1086 et
1460 1039 1659 1086 fetidum
1678 1040 1768 1087 ho-

358 1114 536 1160 minem
566 1115 647 1178 qui
678 1131 734 1162 ea
754 1125 956 1162 sectatus
987 1116 1124 1163 fuerit
1152 1116 1386 1173 reddunt,
1420 1126 1562 1180 atque
1594 1116 1654 1163 ad
1685 1133 1766 1164 ex-

357 1200 562 1238 tremum
588 1190 775 1239 fletibus
797 1192 1028 1257 deputant
1049 1193 1363 1257 sempiternis.
1394 1196 1589 1239 Fructus
1609 1202 1768 1240 autem

357 1267 557 1331 Spiritus
584 1277 653 1314 est
679 1284 823 1315 omne
845 1269 975 1332 quod
1007 1270 1055 1315 in
1082 1272 1183 1316 Deo
1213 1269 1361 1334 pollet
1386 1285 1442 1316 ac
1470 1270 1610 1328 nitet,
1637 1270 1768 1334 quod

356 1346 404 1391 in
430 1344 525 1391 hoc
550 1344 745 1402 saecuIO,
781 1345 1063 1394 mortificata
1095 1362 1260 1406 carne,
1295 1347 1505 1393 animam
1537 1346 1767 1394 exsultare

356 1422 487 1482 facit,
529 1423 579 1469 in
613 1423 771 1470 futuro
803 1434 962 1471 autem
994 1424 1175 1488 gaudiis
1206 1424 1357 1471 donat
1388 1424 1588 1471 aeternis.
1631 1423 1767 1470 Unde

356 1515 445 1545 nos
464 1499 546 1563 qui
568 1516 697 1546 nunc
724 1516 887 1546 sumus
908 1501 956 1546 in
974 1517 1176 1565 corpore
1198 1500 1362 1565 positi,
1393 1500 1602 1564 aspicere
1621 1499 1767 1546 debe-

356 1592 461 1621 mus
487 1592 591 1639 quae
612 1586 833 1640 operatus
853 1586 921 1623 est
945 1579 1070 1624 Deus
1095 1577 1141 1622 in
1166 1577 1338 1623 sanctis
1358 1577 1470 1636 suis,
1497 1576 1545 1622 in
1570 1575 1761 1640 quibus,

357 1661 581 1716 tanquam
614 1652 661 1698 in
698 1652 1002 1717 splendidum
1040 1652 1393 1717 candidumque
1427 1669 1483 1699 ac
1511 1652 1767 1716 levigatum

357 1730 535 1776 meritis
567 1728 945 1789 tabernaculum,
983 1729 1275 1794 diversisque
1305 1731 1533 1776 virtutum
1571 1729 1768 1777 floribus

356 1805 665 1866 adornatum,
694 1806 928 1864 residenS,
954 1816 1145 1854 extensa
1167 1806 1368 1854 dexterae
1392 1806 1657 1870 majestate,
1688 1806 1769 1853 di-

356 1892 524 1947 gnatus
546 1893 614 1930 est
641 1900 723 1947 per
751 1900 833 1930 eos
861 1884 1162 1931 miseratione
1194 1884 1386 1949 propria
1408 1883 1636 1948 perficere
1662 1900 1766 1948 quae

356 1959 622 2023 petiissent,
663 1960 782 2006 sicut
817 1976 945 2006 nunc
975 1976 1058 2024 per
1094 1958 1287 2007 beatum
1320 1959 1655 2017 Quintianum,
1706 1958 1766 2006 de

355 2051 452 2099 quo
487 2051 645 2082 sermo
680 2035 864 2083 futurus
894 2046 994 2095 est,
1040 2037 1211 2083 mentis
1247 2035 1420 2084 nobilis
1455 2036 1767 2098 generositate

355 2111 585 2176 fulgidum
601 2149 613 2171 ,
645 2114 834 2177 justitiae
866 2129 987 2177 opus
1019 2112 1301 2177 plerumque
1331 2112 1602 2177 complevit.
1643 2115 1765 2174 Ergo

355 2204 454 2233 non
495 2205 584 2235 nos
619 2205 754 2235 more
786 2205 1015 2253 pecorum
1056 2189 1211 2236 carnis
1249 2190 1444 2236 sectatio
1482 2188 1544 2236 ad
1580 2198 1768 2235 terrena

355 2264 626 2336 submergat
648 2281 703 2312 ac
730 2265 992 2330 deprimat,
1017 2265 1097 2312 sed
1123 2266 1280 2330 potius
1305 2274 1577 2312 sanctorum
1599 2280 1767 2311 exem-

355 2341 444 2404 plis
478 2341 643 2401 illecti,
676 2342 935 2406 prudenter
957 2342 1269 2405 intelligentes
1291 2359 1395 2405 quae
1415 2343 1501 2388 Dei
1520 2350 1653 2398 sunt,
1680 2341 1769 2405 spi-

355 2418 503 2464 ritalis
526 2435 615 2465 nos
641 2435 787 2483 opera
809 2418 870 2465 ad
895 2419 1098 2466 coelestia
1123 2435 1179 2466 ac
1208 2421 1496 2484 sempiterna
1525 2417 1764 2475 sustollat3

355 2511 510 2558 neque
543 2497 590 2542 in
624 2495 763 2542 nobis
798 2513 932 2543 mens
961 2496 1022 2543 ab
1057 2496 1308 2561 impudicis
1342 2494 1608 2543 actionibus
1641 2494 1768 2540 victa

354 2571 572 2631 luxuriet,
595 2572 695 2633 sed,
715 2575 990 2620 aeternitatis
1009 2590 1097 2638 pro
1114 2573 1290 2620 meritis
1309 2572 1554 2619 vindicans
1572 2569 1764 2626 solium,

355 2648 521 2694 victrix
544 2649 774 2712 sapientia
796 2659 972 2713 regnet.

409 2831 464 2878 (ι)
495 2831 579 2868 Gal.
603 2843 642 2878 v,
668 2832 733 2869 19.
