2054 3450
432 375 491 418 ’ΞΟ
559 406 563 410 -
751 383 781 428 ᾗ
804 379 871 416 DE
898 379 1086 417 GLORIA
1115 379 1485 426 CONFESSORUM.

1005 548 1162 583 CAPUT
1185 547 1283 585 LXI.

750 651 803 684 De
818 658 939 684 sancto
957 648 1093 683 Nicetio
1112 647 1339 696 Lugdunensi
1357 648 1535 695 episcopo.

508 761 709 825 Nicetius
729 785 923 833 quoque
941 768 1216 815 confessor'
1205 784 1253 815 m
1279 768 1395 817 urbe
1418 767 1761 831 Lugdunensiss
1777 770 1848 815 vir

440 830 582 910 t9tius
601 845 875 903 sanctitatis,
896 845 1273 897 conversationis
1295 845 1578 904 castissimae,
1612 843 1850 892 charitatis

433 921 635 991 eximiae,
660 922 755 968 vita
778 920 1053 986 perfunctus
1075 931 1160 975 est.
1196 921 1339 985 Cujus
1367 922 1677 985 eleemosynae
1705 931 1847 986 atque

438 997 762 1063 humanitates
789 1015 877 1046 nec
908 999 1175 1062 investigari
1221 1009 1423 1058 tantum,
1466 1016 1552 1046 nec
1585 999 1792 1046 enarrari
1821 1014 1849 1046 a

438 1074 578 1122 nobis
591 1061 825 1140 possunt.
859 1077 952 1133 Qui
979 1085 1232 1141 postquam
1258 1076 1453 1123 beatum
1486 1077 1702 1142 spiritum
1731 1093 1848 1140 prae·

440 1153 563 1200 misit
582 1154 643 1200 ad
662 1153 825 1213 coeIOS,
853 1155 1034 1218 positus
1055 1155 1104 1200 in
1130 1154 1318 1211 feretro,
1341 1154 1402 1202 ad
1422 1153 1664 1201 basilicam
1685 1153 1733 1200 in
1756 1169 1850 1216 qua

438 1230 647 1293 sepultus
666 1239 734 1278 est
754 1230 1007 1278 ferebatur.
1038 1233 1093 1276 Et
1111 1247 1220 1298 ecce
1238 1247 1360 1277 unus
1377 1230 1603 1295 puerulus
1624 1230 1850 1278 diuturna

419 1302 641 1353 ‘caecitate
659 1317 894 1371 gravatus,
922 1323 1031 1354 cum
1053 1307 1264 1372 reliquis,
1286 1308 1531 1372 plangens,
1557 1306 1848 1355 adminiculo

439 1394 748 1444 sustentante,
784 1384 1088 1449 sequebatur.
1117 1388 1309 1432 Factum
1338 1395 1408 1432 est
1429 1394 1588 1432 autem
1611 1401 1722 1431 cum
1744 1401 1850 1448 gra-

437 1459 644 1522 deretur,
670 1461 849 1528 perlata
871 1472 942 1510 est
966 1479 1056 1509 vox
1076 1463 1125 1509 in
1147 1480 1260 1509 aure
1279 1463 1396 1526 ejus,
1416 1463 1638 1510 secretius
1651 1461 1812 1509 dicens
1834 1482 1845 1509 :

440 1558 461 1581 α
479 1539 874 1603 A'ppropinquare
898 1539 1095 1598 feretro,
1114 1549 1298 1594 etcum
1318 1539 1479 1586 subter
1498 1539 1735 1602 ingressus
1753 1538 1850 1585 sue-

437 1615 519 1673 ris,
539 1617 753 1679 protinus
770 1617 966 1681 recipies
982 1617 1181 1664 visum.»
1204 1615 1281 1663 nle
1297 1633 1410 1664 vero
1430 1615 1751 1679 interrogabat
1768 1615 1849 1662 ho-

411 1681 414 1685 *
437 1683 613 1739 minem
627 1693 711 1758 qui
725 1709 834 1739 eum
855 1683 1068 1740 ¹trahebat
1080 1693 1185 1757 quis
1205 1703 1324 1740 esset
1346 1695 1429 1757 qui
1451 1693 1549 1739 haec
1568 1691 1709 1739 verba
1729 1693 1849 1739 auri-

434 1766 524 1815 bus
547 1764 645 1816 suis
677 1769 885 1818 inferret.
917 1773 1062 1834 Negat
1090 1770 1166 1818 ille
1193 1786 1482 1834 quemquam
1511 1769 1670 1818 videre
1694 1769 1786 1832 qui
1806 1767 1850 1816 ei

435 1845 676 1914 loquatur.
695 1839 925 1910 fCumque
958 1846 1030 1893 bis
1061 1857 1108 1893 et
1140 1848 1278 1894 tertio
1304 1847 1403 1894 baec
1437 1863 1528 1893 vox
1564 1838 1709 1894 aure?
1725 1846 1849 1893 iuius

434 1917 740 1980 verberasset,
762 1925 987 1986 cognovit
1012 1923 1189 1986 aliquid
1214 1924 1324 1970 novi
1348 1923 1627 1986 gerendum,
1650 1916 1697 1971 et
1718 1939 1768 1970 se
1787 1914 1847 1970 aa

435 1981 658 2057 feretrum
693 1997 896 2064 postulat
929 1999 1056 2046 duci.
1086 1999 1437 2063 Accedensque,
1471 2009 1518 2046 et
1540 2000 1663 2047 inter
1684 1999 1847 2048 alben-

386 2115 389 2119 ,
438 2075 555 2122 tium
585 2075 899 2139 diaconorum
923 2075 1112 2123 turbam
1137 2076 1406 2141 perlapsus,
1444 2093 1542 2140 quo
1571 2077 1728 2139 jussus
1764 2077 1848 2124 fuit

398 2179 405 2186 ·
435 2152 713 2216 ingreditur.
741 2153 957 2217 Denique
984 2161 1036 2200 ut
1067 2169 1244 2200 nomen
1262 2153 1411 2200 sancti
1435 2154 1658 2200 invocare
1683 2154 1843 2219 coepit,

436 2228 578 2284 illico,
606 2230 818 2276 reseratis
850 2229 1022 2288 oculis,
1046 2229 1205 2276 lumen
1235 2230 1426 2295 recepit.
1456 2233 1567 2277 Post
1595 2229 1694 2277 haec
1728 2247 1848 2297 puer

435 2307 534 2353 erat
571 2295 785 2353 assiduus
817 2307 866 2354 in
893 2306 1087 2354 basilica
1111 2307 1172 2353 ad
1202 2307 1471 2371 sepulcrum
1505 2308 1653 2354 sancti
1687 2307 1847 2355 deser-

436 2383 584 2442 viens,
615 2393 662 2431 et
683 2384 843 2430 lumen
872 2361 1167 2429 accendens·
1188 2383 1271 2430 sed
1290 2398 1320 2430 a
1339 2374 1626 2446 quibusdam
1647 2383 1848 2431 civitatis

436 2447 703 2530 majoribus
741 2458 1103 2523 opprimebatur
1143 2468 1290 2523 atque
1325 2459 1620 2523 fatigabatur,
1668 2467 1720 2506 ut
1759 2475 1847 2507 nec

435 2535 585 2586 victus
608 2521 882 2582 alimoniam
904 2544 1064 2599 posset
1085 2535 1276 2583 habere.
1306 2538 1520 2612 Cumque
1548 2537 1717 2622 saepius
1747 2535 1846 2581 ha‘c

431 2612 494 2658 ad
517 2611 709 2659 beatum
734 2613 1007 2677 imploraret
1032 2604 1317 2677 sepulcrum,
1350 2614 1568 2678 apparuit
1592 2612 1636 2660 ei
1655 2621 1846 2660 sanctus

432 2705 517 2752 per
541 2690 712 2749 visum,
737 2689 933 2736 dicens:
959 2710 981 2732 ‹
996 2689 1128 2736 Vade
1146 2689 1207 2736 ad
1227 2690 1871 2764 Guntchr‘amnunrmem,

402 2866 405 2869 '
482 2864 534 2909 (1)
563 2864 812 2909 Lagdonensi,
833 2864 949 2900 2204.
1487 2817 1517 2841 '—

2047 870 2054 944 ἒ,

2049 948 2054 993 ε

2046 1005 2054 1052 ⁵.
