2054 3450
404 342 479 380 300
915 343 1044 379 VITAE
1071 341 1290 380 PATRUM.

403 430 502 489 dio,
545 438 858 494 prosequente
901 439 1087 477 caterva
1131 428 1476 476 monachorum
1522 447 1665 494 quarn
1707 431 1807 495 ipse

403 506 682 567 edocuerat,
722 506 770 552 in
802 506 962 553 locum
997 505 1130 552 illum
1169 514 1277 570 post
1307 504 1429 552 duos
1469 521 1619 553 annos
1652 516 1807 570 trans-

404 581 525 630 latus
559 592 644 629 est.

964 681 1118 717 CAPUT
1143 681 1247 717 XIII.

903 785 956 818 De
980 792 1100 818 sancto
1125 782 1312 830 Lupicino.

470 897 662 943 Athletae
699 895 871 943 Christi
914 905 1055 959 atque
1093 894 1463 959 triumphatores
1499 893 1666 941 mundi
1709 895 1813 941 vitae

404 975 534 1021 istius
566 974 768 1037 fugitivae
793 974 1024 1038 jacturam
1057 974 1207 1020 facere
1237 972 1495 1036 cupienteS,
1533 970 1812 1035 pertendere

404 1051 464 1098 ad
486 1051 612 1098 illam
642 1051 787 1098 vitam
813 1051 1083 1110 voluerunt,
1111 1065 1215 1112 quae
1238 1049 1286 1095 in
1312 1047 1621 1095 exsultatione
1642 1064 1811 1112 perpe-

404 1138 485 1174 tua
507 1137 682 1189 manet,
707 1145 810 1191 quae
834 1127 965 1174 nullo
986 1127 1159 1191 gemitu
1187 1125 1434 1191 obstrepit,
1461 1141 1550 1171 nec
1571 1140 1812 1188 quoquam

406 1204 500 1251 fine
523 1205 846 1262 concluditur;
867 1205 1000 1267 cujus
1022 1205 1180 1250 lumen
1205 1219 1449 1265 nunquam
1474 1202 1810 1263 exstinguetur,

405 1281 538 1344 cujus
557 1281 780 1327 serenitas
799 1280 929 1327 nulla
946 1280 1229 1327 obscuritate
1245 1278 1385 1325 nubis
1404 1277 1657 1340 obtegitur.
1677 1277 1814 1324 Ideo-

405 1373 498 1419 que
522 1373 708 1420 semper
731 1357 1032 1421 praesentium
1056 1355 1279 1402 dolorum
1298 1354 1609 1401 contumelias
1628 1369 1716 1417 pro
1739 1354 1812 1399 ni-

404 1434 503 1480 hilo
527 1433 813 1492 habuerunt,
845 1434 1042 1480 scientes
1066 1450 1115 1480 se
1139 1433 1186 1478 in
1214 1431 1376 1496 paucis
1399 1440 1608 1487 vexatos,
1631 1431 1680 1475 in
1697 1430 1816 1476 mul-

405 1511 464 1557 tis
486 1510 608 1556 bene
630 1509 972 1574 disponendos.
1002 1512 1060 1554 Et
1082 1508 1146 1555 ob
1168 1508 1261 1555 hoc
1283 1506 1497 1571 quisquis
1519 1506 1595 1553 ille
1618 1516 1704 1567 est,
1734 1507 1815 1570 qui

407 1588 453 1632 in
478 1587 567 1633 isto
591 1603 742 1650 agone
758 1585 1020 1641 contendit,
1044 1595 1170 1631 metu
1195 1600 1292 1631 non
1314 1593 1531 1640 terretur,
1557 1599 1699 1647 poena
1716 1599 1813 1629 non

406 1663 621 1722 solvitur,
655 1662 820 1710 dolore
848 1679 944 1710 non
981 1662 1225 1725 frangitur,
1254 1671 1304 1707 ut
1329 1670 1511 1707 tantum
1536 1660 1614 1707 illa
1636 1670 1816 1707 aeternae

402 1740 710 1803 jucunditatis
733 1740 1002 1787 amoenitate
1025 1755 1134 1786 cum
1159 1739 1316 1785 electis
1339 1738 1426 1785 Dei
1444 1736 1618 1801 perfrui
1638 1753 1816 1783 merea-

409 1827 485 1863 tur
508 1835 518 1862 :
564 1817 684 1863 sicut
715 1817 889 1863 multos
929 1816 1087 1862 fecisse
1125 1816 1345 1862 novimus
1383 1814 1443 1861 de
1480 1813 1650 1860 sanctis
1685 1813 1813 1873 viris,

409 1910 615 1957 quorum
640 1911 768 1941 nunc
786 1895 881 1940 vita
906 1902 1132 1940 tractatur
1155 1902 1234 1939 aut
1254 1892 1436 1954 legitur.

476 1972 494 2016 4
513 2008 521 2016 .
562 1971 705 2033 Igitur
726 1970 980 2034 Lupicinus
1003 1969 1196 2032 quidam
1220 1983 1401 2030 magnae
1419 1966 1693 2021 sanctitatiS‚
1718 1964 1814 2010 for-

410 2047 708 2111 tissimusque
745 2047 794 2092 in
832 2045 1055 2111 operibus
1088 2045 1199 2104 Dei,
1239 2044 1321 2108 qui
1361 2043 1570 2108 primum
1604 2041 1813 2088 eleemo-

410 2139 575 2186 synam
600 2140 686 2188 per
708 2123 880 2170 domos
901 2122 1183 2169 devotorum
1208 2120 1494 2184 deposcens,
1528 2135 1632 2183 quae
1656 2118 1819 2181 acqui-

410 2217 513 2247 rere
543 2201 774 2265 potuisset
799 2199 885 2246 sibi
910 2198 1141 2245 similibus
1175 2197 1428 2261 erogabat:
1467 2196 1527 2243 ad
1555 2205 1817 2242 extremum

407 2278 504 2340 Jam
550 2277 757 2324 mediam
792 2276 973 2323 habens
1008 2285 1217 2335 aetatem,
1258 2275 1416 2321 vicum
1454 2272 1815 2330 Berberensem,

412 2356 494 2419 qui
526 2371 658 2402 nunc
695 2354 936 2419 Lipidiaco
967 2353 1155 2410 dicitur,
1191 2351 1416 2412 veniens,
1453 2350 1656 2414 parietes
1689 2349 1819 2396 anti-

413 2448 533 2495 quos
572 2431 746 2496 reperit
769 2469 780 2492 ,
819 2430 986 2494 ibique·
1014 2430 1222 2476 reclusus
1271 2427 1332 2474 ab
1378 2427 1596 2474 omnium
1636 2442 1685 2472 se
1729 2426 1816 2471 ho-

413 2509 598 2555 minum
624 2507 891 2572 aspectibus
919 2506 1196 2554 inhibebat:
1225 2522 1280 2552 ac
1301 2521 1386 2569 per
1414 2503 1654 2550 modicam
1675 2502 1823 2548 fenes-

414 2586 575 2633 tellam
608 2589 882 2651 'parumper
923 2585 1058 2650 panis
1098 2583 1172 2630 vel
1216 2599 1348 2646 aquae
1393 2581 1651 2645 accipiens,
1690 2579 1818 2642 quod
1835 2616 1845 2629 .

414 2663 459 2709 ei
495 2663 768 2726 aliquoties,
806 2678 919 2709 cum
957 2670 1076 2709 esset
1109 2659 1245 2707 valde
1281 2660 1498 2721 exiguum
1516 2693 1529 2718 ,
1578 2672 1725 2720 usque
1759 2656 1819 2702 ad

415 2739 539 2786 diem
554 2740 744 2786 tertium
761 2738 1064 2804 perdurabat.
1084 2741 1215 2800 Aqua
1227 2736 1353 2783 enim
1374 2752 1459 2800 per
1480 2734 1691 2781 canalem
1712 2750 1819 2798 par-

416 2815 579 2862 vulum
602 2815 911 2876 inferebatur,
938 2814 1199 2862 sesnestella
1224 2829 1337 2860 vero
1364 2811 1472 2859 velo
1494 2810 1818 2888 operiebaitur3
