2054 3450
381 345 457 382 122
744 343 812 378 DE
838 341 1030 379 GLORIA
1055 339 1425 378 CONFESSORUM.

380 431 538 477 futuro
562 437 722 475 autem
745 428 890 474 vitam
912 436 1134 474 aeternam
1157 426 1434 492 possidebit.
1461 449 1483 472 ι
1509 431 1687 475 Verum
1712 444 1788 476 as=

380 515 569 572 sumpto
603 505 878 570 episcopatu
914 520 1099 568 semper
1137 520 1186 550 se
1220 503 1450 550 humilem
1487 504 1755 569 proferebat
1770 541 1783 565 ,

380 583 490 647 quia
513 581 689 630 sciebat
712 597 761 628 se
785 580 914 645 apud
941 583 1097 627 Deum
1120 579 1355 627 excelsum
1381 579 1616 640 futurum,
1641 581 1679 627 si
1701 580 1792 627 hu-

381 660 627 707 militatem
656 667 856 706 sectatus
886 657 1061 704 suisset.
1099 658 1303 704 Pecunia
1331 673 1444 704 vero
1475 655 1536 704 de
1563 657 1793 705 reditibus

379 736 606 796 ecclesiae,
633 752 736 800 quae
763 751 932 782 manus
960 734 1061 798 ejus
1091 733 1374 797 attingebat,
1400 732 1791 799 confestim-pau-

379 812 571 877 peribus
594 811 892 875 erogabatur.
921 811 1187 858 Castissima
1217 810 1346 857 enim
1374 810 1549 873 conjux
1571 810 1672 873 ejus
1694 827 1793 858 non

379 888 653 936 discedebat
678 888 740 936 ab
769 904 845 935 eo.
874 890 984 934 Erat
1013 896 1175 934 autem
1203 887 1274 933 vir
1302 896 1492 934 sanctus
1522 886 1649 933 mirae
1679 903 1795 951 pru-

379 965 576 1022 dentiae,
615 965 861 1012 rhetoricis
896 964 1060 1011 litteris
1092 962 1321 1011 eruditus.
1359 962 1503 1021 Quod
1536 979 1658 1028 opus
1695 963 1797 1026 ejus

380 1041 575 1105 quando
598 1041 659 1089 ad
682 1058 770 1089 nos
789 1042 1018 1105 pervenit,
1043 1040 1179 1087 valde
1199 1039 1431 1105 patefecit.
1458 1043 1579 1087 Nam
1601 1056 1710 1086 cum
1734 1038 1796 1087 ad

381 1119 591 1166 diversos
608 1128 705 1166 tam
724 1135 860 1165 versu
878 1133 1023 1182 quam
1043 1133 1183 1182 prosa
1202 1116 1443 1178 scriberet,
1466 1116 1527 1164 de
1546 1115 1798 1163 virtutibus

381 1195 506 1242 beati
536 1195 724 1242 Martini
750 1211 830 1242 sex
858 1211 997 1242 versu
1027 1194 1306 1259 conscripsit
1331 1193 1480 1240 libros
1506 1211 1517 1238 ε
1543 1192 1728 1257 scripsit
1752 1202 1797 1240 et

381 1272 499 1319 alios
525 1271 779 1319 versiculos
807 1271 856 1318 in
881 1270 1072 1318 laudem
1093 1271 1210 1334 ejus.
1238 1270 1457 1335 Viditque
1481 1287 1591 1317 eum
1618 1270 1667 1316 in
1691 1286 1797 1317 cor-

382 1365 499 1413 pore
533 1349 767 1413 positum,
806 1357 852 1395 et
886 1347 1079 1394 oculum
1114 1363 1253 1394 suum
1288 1346 1350 1394 ab
1387 1363 1445 1394 eo
1480 1345 1797 1394 illuminatum

383 1425 576 1489 recepit.
609 1425 702 1481 Qui
731 1433 916 1471 tantum
943 1425 992 1470 in
1017 1424 1187 1470 virtute
1213 1422 1520 1488 multiplicata
1543 1422 1798 1486 gratiarum

383 1503 661 1567 spiritalium
691 1501 994 1549 charismata¹
1029 1501 1344 1566 resplenduit,
1383 1511 1436 1548 ut
1471 1510 1583 1548 ante
1616 1499 1799 1547 obitum

384 1596 523 1626 suum
534 1580 690 1644 ipsum
700 1579 975 1639 Marfinum,
994 1579 1365 1642 Januariumque
1375 1581 1388 1603 ⁸
1400 1578 1633 1637 Italicum,
1650 1578 1802 1642 prius-

384 1672 529 1720 quam
557 1656 773 1720 spiritum
802 1655 1046 1716 redderet,
1072 1656 1315 1720 corporeis
1335 1654 1485 1703 oculis
1507 1653 1799 1718 contempla-

384 1743 530 1780 retur.
564 1733 698 1779 Prius
725 1733 852 1779 enim
880 1731 941 1779 ab
966 1748 1024 1779 eo
1046 1732 1106 1779 de
1133 1732 1228 1779 hoc
1257 1732 1439 1778 mundo
1464 1732 1796 1794 migraverant.

385 1813 443 1856 Et
470 1811 581 1873 quia
611 1809 671 1856 de
698 1808 839 1871 hujus
867 1808 993 1856 beati
1022 1809 1118 1856 vita
1149 1808 1265 1855 nihil
1297 1808 1584 1871 legeramus,
1622 1807 1800 1854 idcirco

385 1902 441 1933 ea
463 1902 569 1950 quae
591 1902 674 1950 per
696 1885 973 1932 relationem
996 1884 1206 1932 fidelium
1233 1885 1568 1948 cognovimus,
1597 1884 1711 1930 dum
1740 1884 1801 1930 de

385 1962 695 2025 eleemosynis
733 1962 956 2025 proloqui
993 1962 1261 2018 voluimus,
1303 1962 1690 2008 memoravimus.
1731 1963 1801 2008 De

386 2038 584 2085 transitu
613 2047 771 2085 autem
802 2038 901 2101 ejus
930 2047 999 2084 est
1026 2038 1155 2103 apud
1184 2054 1273 2084 nos
1306 2053 1473 2101 magna
1499 2038 1663 2095 lectio,
1691 2037 1800 2084 ideo

387 2133 499 2163 eum
517 2133 572 2162 ex
592 2115 757 2163 ordine
777 2116 1012 2180 prosecuti
1032 2132 1128 2162 non
1151 2132 1332 2162 sumus.
1355 2118 1477 2162 Ecce
1496 2114 1612 2179 quid
1638 2114 1802 2160 tribuit

387 2191 709 2255 eleemosyna,
733 2208 843 2239 ecce
868 2191 1031 2256 quales
1053 2192 1300 2239 thesauros
1329 2192 1500 2238 sanctis
1525 2192 1622 2238 suis
1644 2191 1726 2255 qui
1751 2207 1801 2237 se

387 2268 435 2314 in
480 2268 763 2333 pauperibus
809 2268 1012 2331 diligunt
1048 2271 1173 2315 Deus
1213 2268 1441 2332 indulget.
1493 2271 1526 2314 E
1562 2268 1801 2316 contrario

389 2345 590 2392 avaritiae
612 2345 738 2392 malo
767 2345 1063 2392 inhiantibus
1091 2361 1195 2408 quae
1217 2345 1433 2410 nequiter
1457 2345 1804 2409 concupiscunt

389 2423 561 2482 aufert,
589 2424 720 2486 juxta
748 2422 864 2470 illud
893 2424 1121 2488 evangelii
1157 2424 1304 2470 sancti
1336 2424 1604 2482 oraculum,
1649 2422 1760 2486 quia
1785 2440 1796 2468 z

393 2519 416 2542 «
442 2499 535 2556 Qui
558 2499 719 2558 habet,
747 2499 937 2547 dabitur
961 2501 1005 2547 ei
1034 2509 1080 2547 et
1108 2499 1394 2559 abundabit3
1418 2500 1499 2563 qui
1522 2508 1678 2546 autem
1702 2515 1800 2545 non

389 2574 552 2633 habet,
576 2575 709 2639 quod
730 2575 916 2623 videtur
934 2575 1109 2623 habere
1131 2575 1368 2622 auferetur.
1387 2576 1449 2623 ab
1473 2591 1550 2622 eo.
1574 2594 1597 2618 »
1663 2617 1666 2619 ,

442 2751 498 2798 (1)
523 2751 712 2798 Quartum
730 2763 859 2788 casum
879 2764 950 2802 pro
969 2759 1078 2790 sexto
1099 2750 1270 2791 adhibet.
1292 2750 1377 2803 (R.)

444 2807 503 2860 (2)
532 2810 640 2855 Mss„
669 2811 912 2850 Genuarium.
935 2809 1020 2861 (R.)
