2054 3450
427 322 501 358 360
938 318 1066 357 vrrlE
1094 320 1314 357 PATRUM.

424 409 517 454 ritu
536 406 655 463 erui,
681 406 897 453 invocate
919 416 1132 454 sanctum
1152 407 1401 466 Nicetium,
1427 417 1480 454 ut
1500 408 1599 473 ipse
1619 408 1829 456 obtineat

422 500 532 531 cum
556 483 750 529 Domini
776 482 1096 531 misericordia
1122 498 1207 530 vos
1225 483 1410 530 salvari.
1442 503 1464 527 n
1491 486 1709 550 Cumque
1734 503 1830 534 una

421 577 539 609 voce
561 560 739 608 elevata
763 560 810 606 in
823 559 1153 623 hujuscemodi
1172 560 1380 607 clamore
1393 560 1644 609 dixissent:
1664 582 1686 606 α
1703 565 1830 610 Deus

423 639 584 686 Nicetii
608 638 735 703 eripe
754 654 860 696 nos,
882 658 904 681 ›>
922 638 1138 702 protinus
1160 654 1290 685 mare
1309 637 1572 701 mitigatum
1596 648 1684 700 est,
1710 641 1830 687 ceci-

420 714 584 778 ditque
606 723 789 772 ventuS‚
809 729 864 760 ac
883 713 981 759 sole
1002 713 1217 771 reducto,
1244 730 1302 760 eo
1323 731 1420 778 quo
1441 714 1658 763 voluntas
1672 725 1833 764 nostra

419 790 505 838 fuit
532 791 664 838 navis
688 791 895 837 accessit.
930 793 1025 853 Ego
1064 800 1222 838 autem
1254 791 1366 836 vovi
1404 807 1463 838 ne
1489 792 1618 856 prius
1643 809 1831 840 comam

417 868 585 932 capitis
616 867 864 914 tonderem
889 883 1032 931 quam
1058 869 1150 914 tuis
1175 867 1421 915 obtutibus
1448 878 1770 933 praesentarer.
1806 889 1828 913 »

416 947 546 991 Tunc
567 945 698 1007 jussu
718 945 927 1009 episcopi
950 954 1224 992 tonsuratus
1245 945 1392 991 homo
1413 947 1673 992 Arvernum
1696 945 1827 1006 adiit,

417 1021 547 1068 unde
572 1038 621 1067 se
646 1037 744 1069 esse
767 1021 1008 1068 confessus
1033 1032 1117 1068 est.
1150 1025 1405 1069 Innumera
1431 1032 1540 1069 sunt
1561 1022 1703 1070 etiam
1729 1039 1832 1087 quae

417 1098 478 1145 de
511 1098 606 1144 hoc
636 1099 737 1144 viro
770 1098 914 1146 relata
947 1115 975 1146 a
1006 1109 1270 1146 memorato
1297 1098 1468 1147 abbate
1501 1101 1829 1165 cognovimus,

417 1174 501 1222 sed
521 1174 784 1222 finiendum
811 1174 1024 1223 libellum
1045 1186 1181 1240 puto.

483 1254 529 1300 6.
569 1255 689 1299 Cum
728 1262 886 1299 autem
921 1253 1245 1318 propinquum
1284 1253 1506 1300 transitus
1528 1263 1716 1318 tempus
1741 1254 1829 1300 mi-

418 1330 641 1392 grationis
674 1345 768 1376 suae
806 1329 1129 1392 cognovisset,
1173 1329 1391 1376 fratribus
1423 1329 1603 1389 retulit,
1631 1329 1825 1376 dicens:

421 1426 444 1450 (ι
460 1406 567 1453 Vidi
584 1406 784 1453 Paulum
807 1405 1073 1470 apostolum
1096 1422 1205 1452 cum
1218 1409 1401 1452 Joanne
1413 1406 1617 1471 Baptista
1631 1406 1833 1453 invitan-

419 1494 512 1531 tem
547 1501 622 1530 me
646 1484 705 1531 ad
731 1483 941 1547 requiem
968 1484 1329 1547 sempiternam,
1364 1493 1505 1547 atque
1530 1480 1830 1530 exhibentem

419 1561 534 1608 mihi
559 1577 789 1607 coronam
812 1559 1078 1607 coelestibus
1105 1560 1364 1622 margaritis
1396 1571 1640 1621 ornatam,
1675 1577 1730 1608 ac
1760 1560 1830 1608 di-

418 1637 634 1684 centibus
656 1638 771 1684 mihi
789 1638 899 1684 viris
923 1655 933 1683 :
960 1658 980 1679 «
1001 1636 1191 1683 Talibus
1215 1637 1341 1683 enim
1362 1636 1606 1702 speciebus
1623 1638 1830 1702 perfrue-

420 1715 481 1762 ris
503 1715 549 1762 in
577 1731 723 1778 regno
746 1715 849 1761 Dei.
877 1733 900 1758 >³
927 1717 1035 1761 Haec
1054 1713 1337 1778 quibusdam
1363 1713 1580 1761 fidelibus
1606 1715 1827 1774 reserens,

418 1801 528 1856 post
553 1807 729 1856 paucos
752 1790 852 1838 dies
876 1790 1064 1837 modica
1089 1789 1219 1837 febre
1242 1789 1449 1854 pulsatus
1471 1791 1688 1855 spiritum
1708 1807 1827 1856 prae-

420 1869 542 1915 misit
566 1867 625 1915 ad
654 1867 930 1924 Dominum,
957 1867 1261 1933 sepultusque
1290 1878 1359 1914 est
1386 1868 1434 1914 in
1463 1867 1653 1915 basilica
1679 1869 1829 1916 sancti

418 1946 657 1992 Maximini
673 1945 907 1992 antistitis.
929 1945 1074 2008 Cujus
1093 1961 1220 1992 nunc
1241 1945 1449 1992 tumulus
1466 1946 1743 2010 plerumque
1757 1945 1826 1992 di-

416 2023 535 2070 vinis
560 2022 806 2069 virtutibus
828 2021 1103 2068 illustratur.
1836 2023 1840 2027 '

973 2183 1128 2219 CAPUT
1152 2183 1292 2218 xvm.

815 2285 868 2320 De
885 2284 978 2320 Urso
995 2292 1029 2319 et
1045 2284 1215 2319 Leobatio
1234 2284 1431 2321 abbatibus.

481 2402 673 2467 Legiferi
709 2403 825 2449 vatis
854 2402 1102 2450 oraculum
1131 2419 1250 2451 cum
1277 2403 1338 2450 de
1374 2403 1610 2468 principio
1647 2402 1822 2468 princi-

415 2481 549 2545 pium
572 2478 699 2527 sandi
724 2480 1010 2545 sumpsisset,
1048 2489 1093 2526 et
1115 2480 1374 2526 Dominum
1398 2480 1660 2528 extendisse
1680 2479 1824 2526 coelos

413 2556 604 2603 dextera
629 2556 877 2620 majestatis
906 2556 1066 2603 fuisset
1093 2556 1276 2617 effatus,
1304 2557 1367 2604 ait
1389 2575 1399 2602 :
1433 2577 1455 2600 α
1492 2560 1544 2603 Et
1569 2557 1676 2605 fecit
1696 2558 1823 2602 Deus

414 2633 511 2680 duo
534 2634 785 2680 luminaria
813 2649 981 2697 magna
1003 2643 1048 2680 et
1071 2633 1240 2694 stellas,
1270 2643 1315 2680 et
1336 2634 1494 2699 posuit
1518 2649 1574 2680 ea
1592 2633 1642 2679 in
1663 2632 1821 2681 firma·

414 2720 576 2756 mento
607 2710 730 2770 coeli,
756 2720 808 2756 ut
837 2720 1083 2774 praeessent
1107 2710 1198 2757 diei
1221 2726 1275 2757 ac
1298 2711 1444 2770 nocti,
1470 2719 1515 2756 et
1538 2710 1748 2757 lucerent
1771 2709 1820 2756 in

414 2784 712 2833 firmamento
737 2785 865 2846 coeli;
888 2806 910 2830 »
935 2787 1000 2833 sic
1020 2803 1147 2833 nunc
1165 2796 1211 2833 et
1230 2787 1275 2832 in
1297 2786 1379 2832 illo
1406 2787 1577 2834 mentis
1599 2786 1818 2833 humanae
