2054 3450
373 337 449 374 394
716 306 726 312 ⁶
887 334 1018 371 VITAE
1043 333 1259 372 PATRUM.

372 438 556 486 semper
590 421 834 468 inimicum
871 436 970 468 esse
1008 436 1063 467 ac
1101 419 1341 480 invidum,
1381 435 1491 466 cum
1520 420 1688 484 aliquis
1711 421 1770 467 de

371 500 493 546 illius
510 498 770 546 monaculis
784 497 914 544 litem
937 496 1194 560 quemdam
1211 512 1322 542 cum
1341 496 1505 542 vicinis
1513 495 1767 558 habuisset,

370 576 563 623 immisit
601 575 643 622 ei
681 574 1032 638 cogitationem,
1075 583 1143 634 ut,
1182 573 1340 620 relicta
1374 572 1541 620 cellula
1576 572 1670 629 illa,
1712 574 1772 621 ad

371 653 509 700 aliam
532 652 884 715 transmigraret
907 671 917 697 :
951 666 1155 714 cumque
1178 649 1246 696 ibi
1272 649 1330 696 ad
1355 649 1618 696 orationem
1641 648 1774 697 solite

371 729 736 786 devenissemus,
763 726 930 774 dolum
949 726 1087 773 nobis
1114 727 1282 774 veneni
1304 726 1554 790 grassantis
1573 726 1770 789 aperuit.

371 808 471 869 Ego
507 821 620 852 vero
657 805 895 869 suspirans
933 820 1031 869 non
1070 803 1268 849 minimo
1303 801 1491 861 dolore,
1532 802 1776 867 increpare

370 883 615 929 hominem
653 881 802 945 coepi,
843 896 1054 927 asserens
1087 879 1267 927 diaboli
1304 896 1403 926 esse
1443 879 1772 939 calliditatem

370 957 610 1020 librosque
633 957 677 1003 ei
698 965 744 1003 et
774 957 902 1002 Vitas
933 959 1123 1002 Patrum
1158 971 1212 1002 ac
1234 955 1580 1002 institutionem
1609 971 1776 1002 mona-

371 1034 591 1094 chorum,
619 1032 691 1079 vel
714 1033 874 1097 quales
895 1033 978 1096 qui
1002 1031 1309 1079 recluduntur
1328 1048 1428 1079 esse
1452 1031 1676 1092 debeant,
1701 1029 1777 1078 vel

372 1129 483 1160 cum
502 1111 629 1176 quali
653 1110 832 1158 cautela
858 1110 1118 1157 monachos
1152 1110 1308 1157 vivere
1343 1117 1577 1174 oporteat,
1615 1107 1777 1156 absce-

371 1190 490 1237 dens
511 1188 573 1236 ab
596 1205 654 1236 eo
681 1188 845 1235 direxi.
869 1187 1052 1246 Quibus
1080 1187 1279 1244 relectis,
1304 1203 1403 1233 non
1422 1186 1575 1232 solum
1598 1185 1776 1248 cogita-

370 1267 551 1313 tionem
591 1281 785 1329 pravam
829 1281 855 1310 a
891 1281 940 1311 se
982 1264 1223 1323 discussit,
1261 1280 1425 1310 verum
1463 1263 1604 1309 etiam
1645 1271 1776 1309 tanto

371 1359 561 1390 sensum
592 1342 810 1388 acumine
848 1339 1068 1401 erudivit,
1108 1349 1161 1386 ut
1199 1340 1476 1386 miraremur
1509 1337 1776 1386 facundiam

370 1418 624 1465 locutionis
662 1418 779 1480 ejus.
821 1419 929 1463 Erat
965 1417 1091 1462 enim
1130 1416 1282 1463 dulcis
1308 1415 1534 1479 alloquio,
1578 1413 1779 1460 blandus

370 1494 577 1549 hortatu,
606 1504 799 1558 eratque
822 1494 864 1539 ei
896 1492 1161 1539 sollicitudo
1190 1509 1279 1557 pro
1308 1491 1512 1556 populiS‚
1538 1490 1779 1554 inquisitio

371 1589 460 1636 pro
480 1571 684 1634 regibus,
712 1570 864 1616 oratio
883 1569 1070 1616 assidua
1093 1586 1182 1634 pro
1207 1568 1428 1616 omnibus
1459 1567 1781 1615 ecclesiasticis

372 1651 527 1695 Deum
560 1646 850 1694 timentibus.
882 1649 1217 1693 Verumtamen
1248 1662 1345 1692 non
1368 1645 1462 1705 ille,
1491 1655 1542 1692 ut
1563 1644 1777 1709 quidam,

372 1725 574 1773 dimissis
593 1724 873 1790 capillorum
896 1723 1088 1787 flagellis
1108 1733 1188 1770 aut
1214 1722 1466 1770 barbarum
1498 1721 1781 1768 demissione

371 1802 650 1866 plaudebat,
693 1800 775 1848 sed
813 1810 941 1847 certo
974 1810 1186 1859 tempore
1218 1799 1440 1865 capillum
1478 1797 1706 1846 tondebat
1735 1808 1781 1845 et

375 1878 592 1926 barbam.
624 1881 674 1924 In
714 1893 809 1941 qua
835 1876 1003 1924 cellula
1031 1877 1195 1941 viginti
1224 1887 1272 1924 et
1294 1877 1416 1924 duos
1439 1892 1592 1924 annos
1614 1876 1662 1921 in
1687 1874 1781 1923 hoc

373 1972 517 2020 opere
542 1955 734 2019 degens,
761 1963 890 2002 tanta
914 1955 1105 2000 Domini
1132 1955 1277 2018 gratia
1300 1954 1593 2001 confortatus
1611 1962 1697 2012 est,
1730 1962 1782 1999 ut

374 2032 552 2096 pusulis
590 2031 723 2078 malis
760 2031 906 2078 saliva
931 2032 1026 2077 oris
1063 2032 1135 2078 sui
1171 2031 1437 2096 perunctis,
1475 2030 1572 2083 vim
1610 2029 1782 2076 veneni

374 2109 604 2157 saevientis
643 2109 958 2173 opprimeret;
998 2109 1260 2171 frigoriticis
1291 2124 1404 2155 vero
1439 2123 1525 2172 per
1554 2105 1780 2170 poculum

375 2187 468 2233 vini
502 2185 771 2233 charactere
805 2185 956 2231 crucis
987 2185 1131 2232 beatae
1157 2183 1498 2232 sanctificatum
1513 2218 1525 2241 ,
1561 2182 1780 2245 frigorem

375 2262 678 2310 accedentem
697 2271 955 2325 aestumque
973 2262 1182 2308 restinxit
1205 2279 1215 2307 :
1246 2277 1343 2308 non
1367 2260 1604 2307 immerito
1626 2258 1782 2306 discu-

375 2341 496 2387 tiens
517 2338 845 2386 incommodas
862 2338 1013 2386 febres
1037 2338 1098 2385 ab
1117 2338 1233 2395 aliis,
1260 2338 1342 2402 qui
1360 2338 1409 2384 in
1431 2354 1480 2384 se
1502 2337 1784 2384 exstinxerat

375 2416 609 2462 incentiva
643 2415 852 2462 criminis
882 2415 1095 2462 noxialis.
1128 2414 1348 2473 Quodam
1383 2423 1542 2461 autem
1569 2422 1782 2478 tempore

376 2508 527 2538 caecus
562 2492 622 2538 ad
653 2509 763 2539 eum
790 2492 998 2552 veniens,
1025 2508 1281 2539 aerumnam
1303 2491 1482 2538 doloris
1503 2490 1574 2536 sui
1598 2489 1784 2536 humili-

376 2578 447 2614 ter
478 2568 781 2633 deplorabat,
809 2585 864 2615 ac
890 2568 1175 2632 deposcebat
1212 2577 1262 2614 ut
1299 2577 1423 2615 tactu
1460 2568 1657 2613 dexterae
1690 2574 1783 2612 su'ae

377 2654 562 2691 sanctus
596 2644 776 2692 lumina
809 2644 963 2709 clausa
997 2644 1224 2709 palparet.
1263 2643 1405 2702 Quod
1427 2642 1503 2689 ille
1526 2642 1783 2689 diutissime

377 2737 597 2776 renuenS‚
626 2721 817 2768 tandem
839 2721 1025 2768 fletibus
1040 2721 1249 2768 hominis
1272 2722 1439 2780 victus,
1466 2719 1782 2767 misericordia

380 2807 555 2855 motus,
587 2813 696 2844 cum
726 2814 811 2861 per
841 2797 1048 2844 triduum
1083 2814 1172 2863 pro
1207 2814 1264 2845 eo
1301 2797 1565 2845 orationem
1592 2795 1784 2843 fudisset
