2054 3450
455 334 471 368 1
481 333 531 368 94
737 367 748 375 .
966 330 1093 365 VITAE
1119 328 1338 365 PATRUM.

452 419 570 465 lium
588 417 832 464 senatoris.
853 419 1009 474 Quem
1026 415 1174 463 abbas
1188 424 1242 461 ut
1256 416 1478 478 cognovit
1496 414 1555 461 de
1571 413 1724 479 prima
1742 427 1853 477 pro-

452 496 587 558 genie
605 511 704 541 esse
725 493 1042 559 progenitum,
1069 493 1131 540 ait
1155 510 1166 538 :
1193 510 1218 536 «
1237 494 1359 538 Bene
1381 490 1637 550 desideraS‚
1664 489 1747 550 fili,
1768 488 1851 536 sed

451 572 659 636 primum
680 580 868 636 oportet
891 569 991 616 haec
1014 569 1062 615 in
1088 568 1232 633 patris
1255 567 1322 615 tui
1345 567 1514 614 deferri
1537 567 1782 626 notitiam3
1808 575 1854 612 et

452 649 490 695 si
519 648 612 696 hoc
636 648 713 696 ille
738 647 957 703 voluerit,
989 645 1158 693 faciam
1191 661 1296 709 quae
1326 644 1557 709 deposcis.
1591 663 1614 688 ›»
1637 644 1854 708 Denique

451 724 599 773 abbas
619 741 707 790 pro
731 724 821 772 hac
843 739 984 772 causa
1005 723 1198 770 nuntios
1220 722 1360 768 mittit
1387 721 1448 768 ad
1478 731 1676 786 patrem,
1706 722 1852 768 inter-

451 812 669 866 rogantes
692 801 809 866 quid
836 800 896 848 de
923 816 1072 866 puero
1096 799 1336 846 observari
1356 796 1560 861 juberet.
1591 799 1646 843 At
1669 795 1748 844 ille
1771 813 1854 861 pa-

450 894 644 943 rumper
666 878 986 939 contristatus,
1006 877 1071 924 ait
1094 895 1105 923 :
1131 895 1153 919 ι(
1180 875 1536 938 Primogenitus,
1563 873 1733 938 inquit,
1755 883 1856 922 erat

451 954 585 1015 mihi,
610 964 657 1001 et
674 954 782 1001 ideo
800 971 911 1000 eum
925 954 1057 1000 volui
1075 952 1295 1016 conjugio
1316 950 1562 1016 copulare3
1583 949 1666 998 sed
1689 951 1727 998 si
1745 967 1855 998 eum

451 1031 684 1077 Dominus
723 1030 786 1078 ad
821 1047 960 1078 suum
992 1029 1211 1094 dignatur
1246 1028 1393 1076 ascire
1427 1027 1666 1075 servitium
1684 1062 1696 1083 ‚
1736 1025 1857 1074 illius

451 1109 767 1172 magisquam
787 1117 950 1154 nostra
969 1107 1188 1154 voluntas
1211 1105 1308 1153 fiat.
1325 1126 1348 1150 >2
1374 1108 1431 1170 Et
1453 1104 1646 1169 adjecit:
1673 1103 1858 1161 «Quid-

450 1185 567 1248 quid
588 1184 723 1232 vobis
745 1185 914 1245 infans,
939 1186 1041 1231 Deo
1063 1184 1339 1248 inspirante,
1369 1182 1662 1246 suggesserit,
1696 1180 1855 1228 adim-

449 1261 590 1325 plete.
619 1280 643 1305 »

515 1341 562 1384 2.
599 1340 729 1384 Tunc
742 1337 888 1385 abbas
904 1338 994 1386 ista
1013 1338 1190 1384 nuntiis
1205 1334 1513 1384 referentibus
1525 1334 1728 1395 discenS‚
1745 1350 1857 1399 pue-

450 1431 556 1462 rum
579 1414 805 1462 clericum
833 1415 969 1462 fecit:
997 1425 1096 1462 erat
1127 1424 1286 1462 autem
1320 1413 1510 1477 egregiae
1541 1411 1777 1472 castitatis,
1810 1420 1858 1458 et

450 1499 678 1552 tanquam
709 1490 884 1550 senior,
919 1489 1035 1535 nihil
1069 1504 1285 1553 perverse
1322 1497 1566 1552 appetem,
1602 1503 1630 1534 a
1653 1486 1774 1550 jocis
1807 1502 1857 1533 se

450 1566 591 1612 etiam
612 1566 899 1629 juvenilibus
931 1565 1204 1626 cohibebat,
1236 1564 1421 1612 habens
1444 1564 1573 1611 mirae
1594 1563 1858 1611 dulcedinis

449 1658 618 1689 vocem
651 1658 763 1690 cum
795 1641 1122 1690 modulatione
1158 1642 1307 1702 suavi,
1346 1640 1539 1688 lectioni
1574 1639 1859 1688 incumbens

449 1718 652 1779 assidue,
684 1718 924 1766 delectans
943 1718 1151 1782 jejuniis,
1178 1728 1225 1766 et
1247 1717 1488 1766 abstinens
1519 1733 1570 1765 se
1597 1716 1798 1764 multum
1829 1732 1859 1765 a

449 1794 583 1842 cibis.
603 1797 758 1853 Quem
778 1812 889 1842 cum
907 1795 1072 1842 beatus
1087 1795 1372 1853 Quintianus
1387 1794 1634 1859 episcopus
1649 1792 1711 1840 ad
1729 1791 1857 1840 idem

450 1873 789 1919 monasterium
824 1873 1018 1919 veniens
1049 1881 1319 1919 cantantem
1351 1870 1571 1932 audisset,
1612 1886 1713 1916 non
1747 1885 1858 1916 eum

450 1949 661 2012 permisit
689 1949 811 1996 ultra
842 1949 952 1996 illuc
982 1949 1194 2008 retineri,
1230 1948 1314 1995 sed
1343 1965 1505 1995 secum
1531 1946 1593 1995 ad
1621 1947 1857 1995 civitatem

450 2024 664 2085 adduxit,
689 2036 736 2073 et
757 2036 808 2072 ut
833 2026 1031 2073 coelestis
1053 2036 1186 2091 pater
1206 2026 1256 2072 in
1278 2023 1528 2072 dulcedine
1546 2023 1741 2088 spiritali
1764 2039 1855 2069 nu-

453 2102 592 2149 trivit.
618 2104 833 2167 Cumque
854 2103 1077 2150 defuncto
1095 2113 1228 2168 patre
1243 2119 1336 2150 vox
1352 2103 1453 2166 ejus
1475 2102 1621 2165 magis
1639 2117 1694 2149 ac
1709 2100 1857 2164 magis

451 2178 529 2226 die
557 2180 835 2227 adveniente
862 2190 1248 2245 componeretur,
1279 2189 1421 2243 atque
1447 2179 1576 2226 idem
1596 2178 1646 2224 in
1668 2176 1857 2242 populis

453 2257 709 2304 maximum
736 2257 933 2304 haberet
958 2273 1189 2317 amorem,
1221 2257 1559 2304 nuntiaverunt
1579 2255 1679 2302 haec
1701 2253 1856 2300 Theo-

452 2331 616 2380 derico
640 2335 769 2403 regi,=
783 2351 927 2399 quem
950 2334 1078 2381 dicto
1100 2334 1235 2381 citius
1260 2333 1533 2381 arcessitum
1558 2341 1691 2379 tanta
1713 2329 1856 2377 dilec-

453 2410 581 2457 tione
603 2411 823 2471 excoluit,
849 2421 902 2458 ut
919 2428 1029 2458 eum
1051 2411 1247 2476 proprio
1267 2409 1366 2457 filio
1383 2410 1488 2475 plus
1504 2418 1684 2456 amaret
1704 2426 1717 2456 z
1739 2423 1767 2454 a
1782 2422 1856 2454 re-

451 2487 560 2549 gina
589 2498 747 2535 autem
777 2489 877 2552 ejus
904 2488 1043 2535 simili
1069 2504 1232 2535 amore
1256 2486 1552 2550 diligebatur,
1577 2501 1676 2532 non
1698 2483 1856 2530 solum

452 2581 540 2627 pro
567 2565 814 2612 honestate
832 2565 980 2626 vocis,
1007 2565 1090 2612 sed
1110 2565 1252 2611 etiam
1275 2581 1363 2629 pro
1385 2562 1661 2610 castimonia
1682 2576 1854 2625 corpo-

453 2641 531 2687 ris.
553 2644 671 2689 Nam
688 2652 801 2689 tunc
817 2641 1134 2689 Theodericus
1150 2658 1231 2688 rex
1248 2657 1303 2687 ex
1326 2639 1508 2687 civibus
1530 2638 1746 2686 Arvernis
1763 2636 1857 2684 cle-

451 2717 581 2765 ricos,
596 2719 769 2765 multos
792 2718 1007 2780 abduxit,
1029 2735 1151 2782 quos
1170 2716 1423 2764 Trevericae
1445 2715 1648 2763 ecclesiae
1667 2713 1728 2762 ad
1746 2712 1857 2761 red-

451 2792 664 2858 dendum
696 2795 974 2843 famulatum
1006 2795 1214 2841 Domino
1239 2792 1377 2857 jussit
1399 2792 1634 2851 assistere3
1664 2790 1856 2838 beatum
