2054 3450
464 355 540 388 2⁹28
721 356 739 364 ‘⁸
975 353 1103 389 VITAE
1130 352 1347 391 PATRUM.

461 439 681 485 aerumnis
703 438 909 502 opprimi
927 454 1082 502 posse.
1109 438 1331 496 Quodam
1354 455 1467 486 vero
1492 449 1723 504 tempore,
1749 455 1861 487 cum

461 514 617 567 adhuc
635 515 680 560 in
698 515 845 562 domo
867 515 967 578 ipsa
989 515 1194 578 degeret,
1220 525 1324 562 orta
1344 524 1412 563 est
1429 515 1472 562 ei
1487 516 1655 580 pusula
1671 515 1858 563 malain

462 590 578 638 facie
601 609 611 637 ε
637 590 769 655 quod
786 591 912 638 virus
933 591 1223 638 invalescens
1243 607 1300 638 ac
1322 607 1603 654 excoquens,
1624 592 1731 639 fecit
1745 608 1862 657 puess

461 683 568 713 rum
591 667 909 731 desperatum.
935 667 1027 714 Sed
1055 677 1206 714 mater
1236 667 1336 731 ejus
1362 667 1535 731 jugiter
1563 667 1686 716 inter
1713 669 1862 716 multa

459 753 733 790 sanctorum
755 745 968 804 nomina,
989 743 1114 791 beati
1139 745 1325 791 Martini
1346 760 1522 791 nomen
1548 760 1635 808 pro
1657 744 1755 808 ejus
1779 760 1861 792 sa-

460 820 556 866 lute.
577 820 857 885 peculiarius
882 820 1151 868 invocabat.
1181 823 1397 884 Cumque
1418 836 1503 885 per
1521 819 1722 867 biduum
1744 836 1862 885 puer

455 896 674 958 jacuisset
703 896 751 941 in
780 895 953 942 lectulo
981 895 1149 942 clausis
1178 895 1342 952 oculis,
1375 905 1422 942 et
1447 894 1634 942 nullum
1662 895 1862 943 verbum

460 971 798 1018 consolationis
827 972 962 1018 matri
995 971 1272 1020 lamentanti
1305 972 1557 1037 proferret;
1595 972 1678 1019 sed
1706 973 1864 1037 potius

461 1050 560 1112 ipsa
582 1049 780 1112 genitrix
806 1048 929 1095 inter
951 1065 1083 1113 spem
1111 1058 1385 1113 metumque
1411 1048 1634 1107 titubans,
1653 1049 1785 1112 juxta
1804 1048 1862 1095 ri-

461 1134 561 1170 tum
593 1125 916 1188 exsequiarum
949 1125 1210 1172 necessaria
1245 1125 1420 1173 funeris
1459 1134 1756 1190 praepararet,
1795 1141 1864 1172 se—

459 1200 616 1248 cunda
646 1200 724 1247 die
753 1199 814 1247 ad
844 1217 1094 1265 vesperum
1126 1201 1342 1266 aperiens
1368 1201 1549 1262 oculos,
1584 1201 1678 1248 ait:
1705 1221 1727 1244 α
1753 1203 1862 1259 Quo

460 1277 542 1323 ivit
572 1286 722 1324 mater
752 1277 881 1324 mea!
916 1297 938 1321 »
965 1294 1068 1341 quae
1096 1278 1249 1325 statim
1281 1277 1538 1325 adveniens
1562 1278 1626 1324 ait
1650 1295 1660 1323 :
1694 1297 1717 1320 «
1745 1280 1863 1326 Ecce

457 1353 642 1414 adsum,
675 1353 791 1417 quid
813 1354 901 1410 viS‚
930 1353 1019 1400 fili!
1053 1373 1074 1398 n
1109 1357 1166 1401 Et
1194 1354 1269 1401 ille
1295 1374 1305 1400 :
1339 1373 1361 1399 α
1388 1357 1456 1401 Ne
1479 1354 1661 1415 timeas,
1687 1354 1859 1418 inquit,

458 1440 621 1486 mater,
643 1429 811 1476 beatus
831 1431 958 1477 enim
983 1431 1210 1478 Martinus
1226 1447 1369 1494 super
1384 1447 1461 1477 me
1481 1446 1669 1477 crucem
1693 1430 1863 1477 Christi

460 1506 648 1566 iaciens,
665 1522 855 1568 surgere
874 1522 948 1552 me
962 1506 1100 1569 jussit
1115 1506 1419 1553 incolumem.
1432 1526 1453 1548 »
1469 1509 1576 1552 Haec
1591 1505 1756 1552 effatus
1773 1515 1862 1554 sta-

459 1583 542 1627 tim
559 1583 757 1628 surrexit
779 1599 805 1629 a
829 1582 1018 1636 lectulo,
1046 1583 1395 1647 geminavitque
1418 1583 1565 1630 virtus
1588 1582 1746 1631 divina
1768 1583 1860 1629 mi-

459 1660 600 1706 raculi
633 1660 773 1724 hujus
802 1661 1016 1723 gratiam,
1045 1671 1096 1707 ut
1119 1670 1167 1708 et
1187 1660 1375 1708 Martini
1397 1660 1683 1726 panderetur
1711 1660 1861 1710 meri-

462 1744 585 1796 tum,
622 1746 667 1783 et
701 1736 779 1784 hic
812 1737 925 1800 quia
961 1737 1145 1784 futurus
1180 1747 1280 1784 erat
1313 1736 1546 1802 pontifex,
1585 1752 1614 1784 a
1642 1737 1862 1800 contagio

461 1811 736 1860 salvaretur.
768 1813 913 1860 Testis
941 1813 1068 1860 enim
1092 1813 1178 1860 fuit
1203 1813 1343 1877 hujus
1369 1829 1519 1861 causae
1543 1813 1641 1861 visa
1672 1813 1859 1861 cicatrix

455 1889 557 1952 ejus
586 1890 633 1936 in
663 1890 794 1938 facie.

523 1968 570 2012 2.
609 1967 755 2013 AEtate
782 1982 974 2029 quoque
994 1967 1092 2028 jam
1114 1966 1359 2013 tricenaria
1379 1964 1655 2031 presbyterii
1676 1964 1861 2012 honore

460 2041 696 2104 praeditus,
732 2058 1029 2105 nequaquam
1062 2058 1112 2089 se
1143 2059 1171 2089 a
1200 2042 1363 2089 labore
1390 2042 1545 2105 operis
1574 2040 1704 2105 quod
1732 2041 1861 2106 prius

459 2118 597 2180 gessit
617 2117 896 2176 abstinebat,
921 2119 1004 2165 sed
1021 2135 1206 2183 semper
1227 2118 1446 2165 manibus
1469 2118 1671 2183 propriis
1690 2133 1858 2182 opera-

461 2192 600 2240 batur
635 2210 744 2240 cum
773 2194 977 2254 famulis,
1002 2204 1051 2241 ut
1075 2195 1283 2259 Apostoli
1314 2204 1547 2259 praecepta
1571 2193 1856 2258 compleret,

459 2269 656 2316 dicentis
679 2290 691 2317 ε
719 2290 742 2314 «
766 2270 998 2318 Laborate
1029 2270 1266 2329 manibus,
1307 2280 1357 2316 ut
1385 2269 1597 2317 habeatis
1625 2269 1753 2316 unde
1780 2269 1861 2316 tri-

460 2345 604 2393 buere
620 2347 805 2411 possitis
822 2348 1145 2394 necessitatem
1161 2346 1463 2412 patientibus.
1486 2367 1507 2390 n
1528 2346 1649 2394 Illud
1662 2346 1860 2393 omnino
1904 2349 1915 2354 ’

459 2422 692 2482 studebat,
716 2433 767 2470 ut
790 2439 955 2470 omnes
971 2440 1142 2488 pueros
1159 2425 1238 2488 qui
1260 2425 1308 2470 in
1324 2424 1470 2471 domo
1489 2423 1587 2487 ejus
1603 2422 1869 2470 nasceban-

459 2508 552 2558 tur,
586 2509 638 2546 ut
667 2500 873 2564 primum
902 2501 1107 2564 vagitum
1141 2500 1346 2548 infantiae
1377 2500 1695 2563 relinquentes
1729 2499 1862 2564 loqui

460 2576 899 2640 coepissent‚fstatim
917 2577 1092 2624 litteras
1111 2576 1302 2624 doceret
1323 2593 1378 2624 ac
1396 2576 1584 2641 psalmis
1596 2575 1856 2623 imbueret:

459 2649 633 2699 scilicet
656 2662 707 2698 ut
727 2653 954 2716 ingressui
977 2654 1067 2701 tale
1078 2655 1351 2717 jungeretur
1365 2652 1678 2718 psallentium,
1695 2662 1746 2699 ut
1763 2662 1860 2700 tam

462 2728 734 2792 antiphonis
765 2746 908 2791 quam
940 2729 1325 2777 meditationibus
1349 2728 1563 2787 diversis,
1595 2738 1647 2775 ut
1665 2728 1860 2776 ‚devotio

461 2803 698 2867 flagitabat
713 2806 874 2866 animi,
895 2816 1052 2871 posset
1067 2806 1279 2871 implere.
1299 2806 1566 2854 Castitatem
1584 2815 1743 2853 autem
1762 2822 1860 2852 non
