2054 3450
440 394 513 431 388
949 390 1077 427 VITAE
1102 389 1321 426 PATRUM.

1008 554 1162 588 CAPUT
1186 553 1268 588 XX.

468 658 519 691 De
534 651 652 691 sancto
671 654 856 692 Leohardo
876 655 1034 690 reclauso
1052 653 1090 688 in
1108 653 1234 700 Majori
1253 654 1467 687 Monasterio
1486 664 1597 700 prope
1617 651 1816 688 Turonum.

502 779 704 826 Ecclesia
726 777 874 825 fidelis
890 777 1146 824 aedificatur
1162 777 1552 841 quotiescumque
1571 784 1842 823 sanctorum

439 864 565 918 gesta
594 855 892 902 devotissime
924 854 1212 918 replicantur
1237 870 1247 898 ε
1283 862 1329 899 et
1360 851 1469 899 licet
1500 852 1559 899 de
1590 851 1663 898 his
1690 861 1847 899 teneat

440 932 696 979 maximum
725 931 967 994 gaudium,
995 930 1127 994 quod
1150 930 1199 976 hi
1222 930 1303 994 qui
1327 928 1387 976 ab
1416 929 1550 976 initio
1571 928 1716 976 aetatis
1741 928 1847 976 reli-

436 1009 615 1072 giosam
651 1008 794 1055 vitam
829 1007 1056 1055 ducentes
1088 1007 1333 1072 pervenire
1366 1015 1640 1053 meruerunt
1661 1006 1845 1071 persec-

438 1086 579 1133 tionis
615 1084 677 1132 ad
711 1095 921 1150 portum,
958 1094 1115 1132 tamen
1149 1093 1195 1131 et
1220 1083 1279 1130 de
1303 1083 1377 1130 his
1411 1083 1620 1130 Domino
1649 1082 1847 1147 jubente

438 1163 634 1220 laetatur,
668 1162 748 1227 qui
784 1163 998 1209 conversi
1034 1178 1061 1209 a
1099 1161 1269 1209 saeculo
1300 1177 1421 1225 opus
1458 1160 1731 1208 inchoatum
1768 1177 1847 1209 va-

436 1241 626 1287 luerunt
648 1239 925 1304 perducere,
953 1238 1111 1286 divina
1139 1237 1402 1303 opitulante
1425 1237 1764 1299 misericordia,
1785 1237 1846 1286 ad

439 1315 675 1362 effectum.

505 1396 552 1440 1.
589 1393 732 1455 Igitur
753 1391 1047 1439 beatissimus
1071 1390 1345 1438 Leobardus
1369 1391 1605 1438 Arvernici
1629 1392 1850 1438 territorii

439 1467 659 1531 indigena
684 1468 787 1526 fuit,
818 1484 983 1532 genere
1018 1468 1212 1531 quidem
1237 1484 1334 1514 non
1358 1466 1614 1524 senatorio,
1641 1467 1848 1531 ingenuo

441 1555 616 1603 tamen,
659 1545 741 1608 qui
769 1544 830 1591 ab
868 1544 1000 1590 initio
1033 1547 1185 1591 Deum
1220 1545 1268 1590 in
1300 1554 1491 1608 pectore
1530 1553 1713 1602 tenens,
1738 1560 1848 1591 cum

439 1638 537 1668 non
569 1622 759 1668 floreret
793 1620 1042 1676 natalibus,
1070 1620 1285 1683 gloriosis
1320 1620 1495 1668 meritis
1528 1620 1843 1686 praefulgebat.

440 1700 530 1755 Qui
561 1709 776 1763 tempore
806 1698 969 1746 debito
1003 1715 1113 1745 cum
1151 1698 1340 1762 reliquis
1368 1699 1527 1763 pueris
1553 1698 1615 1746 ad
1637 1698 1848 1747 scholam

441 1775 625 1832 missus,
652 1776 884 1840 quaepiam
907 1775 967 1822 de
997 1775 1191 1822 Psalmis
1213 1776 1455 1822 memoriae
1475 1775 1845 1835 commendavit,

439 1860 485 1897 et
504 1852 716 1898 nesciens
735 1868 784 1898 se
814 1850 1037 1899 clericum
1071 1868 1171 1898 esse
1193 1851 1419 1911 futurum,
1441 1853 1540 1916 Jam
1568 1851 1627 1898 ad
1647 1851 1850 1899 domini-

437 1945 548 1975 cum
582 1929 835 1993 parabatur
876 1930 1107 1976 innocens
1140 1929 1470 1976 ministerium.
1512 1928 1606 1976 Sed
1640 1945 1750 1975 cum
1788 1928 1850 1978 ad

437 2005 692 2069 legitimam
706 2006 992 2071 pervenisset
1006 2015 1207 2066 aetatem,
1223 2004 1502 2069 cogentibus
1509 2005 1641 2069 juxta
1655 2021 1851 2053 consue-

438 2081 653 2129 tudinem
696 2081 955 2129 humanam
1005 2081 1280 2147 parentibus
1331 2090 1383 2128 ut
1427 2081 1617 2129 arrham
1659 2082 1845 2146 puellae,

438 2158 573 2220 quasi
587 2173 785 2205 uxorem
797 2167 1092 2223 accepturus,
1109 2158 1242 2206 daret
1258 2157 1532 2223 impellitur.
1546 2158 1635 2205 Illo
1654 2175 1848 2222 quoque

438 2244 705 2299 respuente,
732 2236 794 2282 ait
807 2244 939 2299 pater
958 2253 967 2280 ε
996 2237 1143 2294 «Cur,
1166 2235 1433 2282 dulcissime
1452 2234 1536 2296 fili,
1555 2235 1848 2283 voluntatem

440 2319 686 2375 paternam
707 2311 906 2375 respuis,
922 2327 1008 2358 nec
1033 2320 1077 2357 te
1103 2311 1300 2374 jungere
1321 2311 1392 2357 vis
1412 2310 1674 2372 connubio,
1703 2321 1755 2359 ut
1775 2327 1848 2359 se-

440 2403 547 2434 men
567 2388 738 2435 excites
762 2397 926 2435 nostro
945 2387 1005 2435 de
1023 2403 1194 2452 genere
1210 2386 1390 2434 saeculis
1410 2388 1717 2451 sequentibus
1736 2402 1847 2453 pro-

438 2463 680 2511 futurum?
698 2467 839 2512 Casso
855 2465 984 2512 enim
996 2463 1161 2512 labore
1179 2480 1453 2512 exercemur
1474 2465 1535 2512 ad
1549 2463 1847 2529 operandum

437 2541 476 2587 si
513 2557 755 2605 possessor
789 2541 939 2589 deerit
975 2541 1037 2589 ad
1069 2541 1339 2589 fruendum.
1389 2544 1546 2600 Quare
1593 2542 1846 2606 implemus

437 2616 639 2664 domum
669 2617 859 2682 opibus,
893 2618 931 2664 si
961 2617 1021 2665 de
1052 2634 1222 2681 genere
1255 2628 1420 2666 nostro
1443 2635 1541 2666 non
1565 2619 1846 2683 processerit

436 2695 517 2757 qui
549 2696 738 2742 utatur?
768 2694 895 2753 Quid
931 2696 1165 2760 mancipia
1195 2695 1308 2747 dato
1331 2696 1482 2760 pretio
1506 2696 1677 2742 nostris
1699 2694 1844 2744 ditio-

437 2769 576 2816 nibus
609 2770 927 2834 subjugamus,
965 2771 1000 2817 si
1025 2788 1210 2818 rursum
1236 2771 1397 2818 alienis
1427 2771 1604 2818 debent
1623 2770 1844 2820 domina-

436 2846 645 2893 tionibus
670 2847 941 2910 subjacere?
965 2846 1172 2894 Obedire
1202 2846 1374 2894 debere
1401 2847 1523 2894 filios
1550 2848 1654 2894 voci
1677 2863 1843 2911 paren-
