2054 3450
402 315 476 351 348
914 317 1042 352 VITAE
1069 317 1287 355 PATRUM.

399 402 645 447 imminere
663 411 860 447 mortem
885 402 1150 466 proximam
1165 420 1280 449 voce
1294 405 1522 467 praeconis
1537 415 1801 453 testaretur.

399 475 581 533 Quibus
602 476 662 522 de
691 477 842 524 causis
871 493 1018 541 pauca
1043 477 1175 541 loqui
1205 478 1351 542 placet
1389 477 1445 523 ad
1483 477 1804 527 roborandam

397 553 695 600 sacerdotum
722 571 985 616 censuram,
1016 555 1085 601 vel
1119 555 1179 602 ad
1218 556 1572 602 instructionem
1611 559 1800 622 populi,

396 631 494 678 sive
513 631 653 677 etiam
679 631 740 678 ad
762 632 971 696 ipsorum
998 649 1159 694 regum
1183 633 1482 697 praesentium
1509 634 1801 682 emendatio-

396 727 524 757 nem.
553 714 669 757 Nam
695 728 803 758 cum
834 712 1124 759 Theoderico
1163 712 1421 760 decedente
1452 713 1804 761 Theodebertus

396 787 520 834 filius
545 793 644 851 ejus
670 805 866 851 reguum
891 788 1147 850 ambiisset,
1175 807 1228 836 ac
1257 791 1404 836 multa
1429 790 1589 852 inique
1615 807 1802 838 exerce-

396 876 493 924 ret,
533 876 574 912 et
612 866 671 912 ab
699 866 866 913 eodem
910 868 1185 931 plerumque
1211 868 1544 931 corriperetur,
1573 868 1704 931 quod
1730 869 1804 915 vel

394 941 493 1005 ipse
529 951 843 1005 perpetraret,
871 942 943 988 vel
963 952 1286 1007 perpetrantes
1312 959 1408 989 non
1436 954 1650 1005 argueret
1680 962 1690 989 ε
1721 945 1804 992 ad-

393 1018 518 1064 venit
542 1018 641 1064 dies
664 1017 956 1075 ‹lominicus3
992 1029 1035 1064 et
1058 1035 1166 1065 ecce
1194 1036 1270 1065 rex
1298 1035 1405 1065 cum
1436 1019 1507 1066 his
1529 1019 1609 1083 qui
1632 1018 1804 1066 abhoc

392 1094 636 1142 sacerdote
658 1096 986 1142 communioni
1013 1095 1175 1143 abesse
1193 1096 1306 1159 jussi
1332 1095 1531 1154 fuerant,
1558 1096 1802 1143 ecclesiam

393 1182 461 1219 est
496 1173 744 1236 ingressus.
787 1174 934 1220 Lectis
978 1174 1118 1236 igitur
1153 1172 1459 1226 lectionibuS‚
1495 1189 1612 1236 quas
1646 1189 1799 1220 canon

392 1251 539 1297 sanxit
575 1251 819 1313 antiquus,
858 1250 1027 1297 oblatis
1055 1249 1331 1296 muneribus
1357 1266 1499 1314 super
1523 1249 1667 1297 altare
1697 1252 1797 1307 Dei,

390 1328 454 1374 ait
496 1327 715 1373 sacerdos
747 1345 756 1373 :
801 1348 821 1370 «
864 1331 965 1374 Non
998 1328 1076 1374 hic
1107 1328 1252 1373 hodie
1287 1328 1533 1373 missarum
1573 1326 1800 1374 solemnia

391 1404 852 1451 consummabuntur
870 1442 880 1459 ,
934 1405 1020 1451 nisi
1064 1405 1402 1451 communione
1453 1403 1621 1466 privati
1671 1404 1801 1467 prius

389 1478 660 1527 abscedant.
692 1482 800 1526 Haec
834 1496 939 1545 rege
967 1481 1214 1538 renitente,
1242 1478 1399 1525 subito
1423 1478 1652 1524 exclamat
1678 1494 1800 1524 unus

390 1554 450 1601 de
474 1556 653 1620 populo
674 1566 887 1621 arreptus
905 1574 932 1603 a
950 1557 1181 1611 daemoue,
1209 1572 1326 1620 puer
1341 1556 1544 1618 juvenis,
1563 1555 1799 1620 coepitque

389 1648 505 1679 voce
531 1632 686 1679 valida
712 1634 832 1679 inter
855 1633 1087 1698 supplicia
1114 1643 1303 1679 torturae
1327 1648 1420 1679 suae
1439 1641 1502 1683 ¹et
1527 1632 1674 1678 sancti
1710 1632 1800 1678 vir-

390 1718 511 1756 tutes
531 1719 575 1756 et
594 1711 713 1772 regis
730 1711 926 1757 crimina
950 1710 1182 1757 confiteri.
1207 1708 1497 1773 Dicebatque
1522 1710 1798 1773 episcopum

387 1796 585 1842 castum,
617 1803 774 1850 regem
794 1786 1090 1847 adulterum;
1113 1787 1242 1833 hunc
1261 1787 1430 1833 timore
1450 1785 1621 1832 Christi
1646 1784 1800 1831 humi-

388 1862 505 1919 lem,
547 1863 679 1909 illum
707 1863 856 1926 gloria
881 1864 1009 1926 regni
1036 1862 1318 1928 superbum;
1357 1863 1497 1908 istum
1533 1860 1797 1908 sacerdotio

388 1939 688 2003 impollutum
722 1956 749 1987 a
781 1943 883 1987 Deo
913 1941 959 1987 in
990 1950 1231 2005 posterum
1269 1938 1640 2004 praeferendum,
1668 1938 1797 1984 hunc

386 2014 446 2061 ab
477 2025 669 2063 auctore
694 2017 878 2063 sceleris
903 2017 975 2064 sui
1007 2017 1230 2063 velociter
1255 2015 1544 2062 elidendum.
1582 2017 1795 2076 Cumque

387 2108 466 2138 rex
493 2093 662 2138 timore
699 2109 954 2139 concussus
978 2102 1157 2158 peteret
1183 2102 1233 2138 ut
1253 2092 1331 2138 hic
1356 2107 1703 2154 energumenus
1733 2090 1795 2137 ab

385 2169 581 2216 ecclesia
617 2169 878 2232 ejiceretur,
911 2170 1027 2216 dixit
1059 2171 1307 2235 episcopus
1342 2186 1351 2214 :
1396 2188 1417 2211 «
1450 2168 1582 2214 Prius
1619 2166 1684 2213 illi
1713 2168 1793 2232 qui

387 2256 430 2292 te
459 2247 603 2293 secuti
638 2256 772 2306 sunt,
806 2247 854 2293 id
887 2257 954 2294 est
988 2247 1168 2307 incesti,
1197 2245 1467 2305 homicidae,
1503 2244 1704 2292 adulteri
1734 2243 1793 2290 ab

389 2323 475 2369 hac
496 2323 691 2371 ecclesia
717 2324 1040 2382 extrudantur,
1082 2334 1128 2370 et
1162 2325 1290 2370 hunc
1324 2326 1451 2370 Deus
1485 2322 1618 2368 silere
1654 2321 1790 2385 jube-

387 2399 469 2446 bit.
505 2422 526 2443 »
557 2403 609 2446 Et
637 2401 792 2447 statim
820 2419 899 2448 rex
923 2402 1058 2464 jussit
1092 2418 1257 2448 omnes
1287 2401 1394 2460 hos,
1429 2399 1511 2462 qui
1540 2399 1794 2446 sacerdotis

385 2479 614 2524 sententia
638 2478 847 2525 damnati
874 2479 1074 2537 fuerant,
1101 2478 1258 2542 egredi
1282 2477 1342 2524 ab
1371 2477 1581 2524 ecclesia.
1608 2475 1816 2533 Quibus

385 2554 604 2618 expulsis,
637 2555 772 2618 jussit
809 2556 1026 2602 sacerdos
1058 2556 1402 2601 daemoniacum
1444 2553 1554 2599 foris
1590 2552 1787 2599 extrahi.

384 2631 474 2676 Sed
493 2648 602 2677 cum
620 2632 911 2696 apprehensa
931 2632 1152 2678 columna
1180 2631 1314 2678 evelli
1335 2648 1362 2678 a
1381 2631 1544 2676 decem
1560 2629 1670 2674 viris
1693 2644 1787 2674 non

383 2717 562 2770 posset,
595 2719 784 2756 sanc-tus
808 2710 920 2765 Dei,
946 2709 1034 2755 sub
1059 2710 1338 2755 vestimento
1363 2724 1448 2753 suo
1474 2715 1666 2770 propter
1684 2707 1787 2767 jac-

385 2785 603 2841 tantiam,
648 2786 820 2833 faciens
855 2803 1040 2833 erucem
1078 2786 1245 2832 Christi
1269 2802 1294 2831 e
1316 2794 1498 2843 contra,
1525 2783 1786 2830 daemonem

2048 2244 2054 2280 t

2044 2290 2054 2345 ξ

2049 2346 2054 2367 t

2050 2369 2054 2380 Ι
