2054 3450
394 340 441 376 58
752 342 818 377 DE
845 341 1028 378 GLomA
1059 329 1428 379 comssonum.

915 497 1071 533 CAPUT
1093 497 1261 532 LXXIX.

734 581 790 628 De
806 593 967 640 Remigio
985 592 1251 628 Rhemensium'
1272 593 1451 640 episcopo.

452 687 683 768 Retnigius
714 722 827 752 vero
853 705 1124 752 Rhemensis
1148 704 1274 751 urbis
1305 705 1572 769 episcopm,
1603 704 1704 768 qui,
1738 715 1791 751 ut

386 779 556 840 ferunt,
579 782 871 845 septuaginta
898 791 980 828 aut
1014 798 1072 827 eo
1102 781 1306 845 amplius
1327 782 1375 826 in
1405 780 1679 844 episcopatu
1701 796 1788 827 an-

384 872 471 901 nos
493 857 710 920 explevit,
733 868 778 904 et
799 859 1012 905 oratione
1037 874 1121 904 sua
1148 858 1378 903 defunctae
1403 855 1604 902 cadaver
1629 855 1791 919 puellae

384 931 588 978 obtinuit
617 935 844 993 suscitari,
882 934 1159 997 plerumque
1192 933 1390 979 infirmis
1409 933 1660 979 sanitatum
1685 948 1790 995 gra-

384 1010 493 1055 tiam
521 1010 732 1072 porrigit‚
755 1020 801 1057 et
823 1011 870 1056 in
898 1026 1165 1074 pervasores
1182 1010 1433 1074 saepissitne
1457 1009 1581 1055 ultor
1596 1008 1788 1055 exsistit.

385 1086 491 1131 Erat
524 1096 681 1132 autem
707 1086 834 1132 haud
859 1086 1025 1150 procul
1058 1103 1085 1133 a
1119 1085 1313 1132 basilica
1330 1101 1524 1149 campus
1541 1085 1705 1131 tellure
1726 1084 1787 1131 fe-

381 1161 582 1220 cundus,
610 1162 723 1209 tales
743 1164 870 1209 enim
892 1164 1055 1210 incolae
1080 1164 1231 1209 olcas'
1258 1171 1445 1218 vocant,
1481 1171 1525 1207 et
1551 1160 1628 1207 hic
1655 1161 1793 1207 datus

383 1236 579 1284 basilicae
604 1248 774 1285 sanctae
802 1240 950 1285 fuerat
976 1257 986 1285 ε
1013 1255 1156 1302 quem
1183 1255 1306 1284 unus
1339 1254 1393 1284 ex
1418 1237 1600 1284 civibus
1625 1252 1789 1300 perva-

381 1313 465 1372 dit,
493 1313 754 1378 despiciens
780 1314 1024 1362 hominem
1055 1315 1136 1378 qui
1166 1331 1274 1361 eum
1305 1315 1410 1360 loco
1439 1323 1602 1359 sancto
1627 1322 1793 1359 contu-

382 1389 511 1436 lerat.
561 1392 651 1447 Qui
697 1408 807 1437 cum
844 1391 904 1438 ab
944 1393 1167 1456 episcopo
1202 1407 1257 1437 ac
1289 1390 1381 1436 loci
1420 1389 1588 1436 abbate
1621 1388 1791 1435 crebro

380 1477 645 1513 conventus
672 1468 848 1526 fuisset,
870 1477 922 1514 ut
943 1484 1046 1530 quae
1071 1468 1240 1530 injuste
1259 1476 1528 1530 pervaserat
1553 1465 1788 1525 redderet,

383 1543 731 1606 parvipendens
762 1543 906 1589 verba
940 1560 1043 1605 quae
1073 1542 1311 1602 audiebat,
1349 1542 1573 1606 pertinaci
1608 1541 1791 1605 direpta

380 1617 654 1665 defensabat
681 1620 959 1665 intentione.
983 1621 1217 1682 Denique,
1250 1636 1389 1666 causa
1418 1619 1589 1665 exstitit
1616 1628 1661 1664 et
1691 1635 1789 1669 non

381 1693 589 1753 devotio,
621 1705 672 1741 ut
708 1695 1019 1742 Rhemensem
1051 1696 1218 1742 urbem
1248 1696 1399 1742 adiret
1431 1713 1442 1740 :
1478 1704 1698 1758 properat
1729 1695 1791 1741 ad

380 1772 527 1816 sancti
555 1770 812 1818 basilicam.
847 1772 1060 1834 Arguitur
1082 1772 1251 1818 iterum
1275 1771 1335 1818 ab
1359 1772 1530 1818 abbate
1548 1787 1636 1834 pro
1659 1772 1791 1819 inva-

380 1848 514 1893 sione
537 1849 709 1911 campi,
730 1848 812 1894 sed
837 1848 953 1894 nihil
974 1848 1169 1910 dignum
1192 1849 1375 1895 ratione
1399 1848 1667 1910 respondet.
1700 1851 1789 1894 Ex-

381 1923 644 1986 plicitisque
671 1925 885 1986 negotiiS‚
910 1941 1103 1970 ascenso
1137 1942 1278 1987 equo,
1311 1924 1371 1971 ad
1406 1925 1602 1971 domum
1638 1925 1790 1972 redire

381 1999 618 2062 disponit;
645 2000 725 2046 sed
744 1999 900 2046 obstat
926 2001 1048 2046 nisui
1070 2001 1168 2063 ejus
1189 2001 1442 2047 sacerdotis
1462 2001 1642 2063 injuria.
1671 2004 1788 2048 Nam

380 2076 613 2121 sauciatus
640 2092 667 2122 a
698 2077 923 2138 sanguine
954 2076 1098 2123 diruit
1130 2077 1177 2123 in
1202 2087 1373 2124 terram
1403 2095 1412 2123 :
1441 2077 1675 2139 obligatur
1697 2078 1789 2124 lin-

379 2166 470 2212 gua
488 2168 591 2214 quae
609 2152 767 2198 locuta
795 2153 942 2199 fuerat
962 2169 1181 2217 campum
1203 2154 1325 2212 tolli3
1351 2154 1636 2201 clauduntur
1664 2156 1789 2202 oculi

382 2229 830 2293 quiconcupierant‚
853 2245 1018 2275 manus
1041 2230 1501 2294 contrahunturquae
1518 2232 1787 2295 apprehen-

380 2304 566 2350 derant.
593 2308 722 2351 Tunc
751 2305 1032 2363 balbutiens,
1067 2316 1112 2352 et
1149 2308 1222 2353 vix
1256 2324 1525 2354 sermonem
1555 2308 1788 2372 explicare

381 2391 565 2445 potens‘,
589 2383 677 2428 ait:
704 2403 725 2424 «
742 2382 927 2429 Deferte
941 2399 1017 2429 me
1036 2383 1093 2429 ad
1119 2383 1356 2430 basilicam
1378 2386 1543 2442 sancti,
1567 2395 1612 2430 et
1635 2401 1788 2448 quan—

383 2468 672 2522 tumcunque
694 2476 835 2524 super
858 2477 935 2506 me
951 2461 1051 2506 auri
1075 2471 1160 2519 est,
1182 2460 1243 2506 ad
1267 2461 1534 2525 sepulcrum
1552 2462 1651 2524 ejus
1670 2479 1786 2525 pro--

375 2535 518 2597 jicite.
547 2555 569 2578 »
609 2537 798 2582 Peccavi
818 2537 944 2582 enim
972 2536 1229 2583 aul'erendo
1259 2553 1332 2584 res
1366 2538 1482 2601 ejus.
1513 2538 1787 2601 Adspiciens

437 2688 494 2739 (1)
525 2689 627 2726 2204
647 2689 684 2725 in
704 2689 829 2727 indice
850 2697 1010 2738 tantum,
1033 2692 1199 2741 Remigio
1221 2693 1458 2729 Reminsium.

434 2746 493 2799 (2)
522 2747 644 2799 Vulgo
662 2762 732 2784 une
749 2750 897 2795 oms-che,
911 2751 971 2786 vel
993 2750 1112 2794 osche,
1132 2759 1234 2788 certa
1254 2758 1365 2788 terrae
1383 2750 1523 2801 portio.
1542 2751 1637 2789 Vide
1654 2752 1785 2803 Cangii

382 2805 634 2844 Glossarium.
661 2807 739 2857 (R.)
