2054 3450
377 337 451 375 390
699 304 708 311 -
886 336 1015 373 VITAE
1041 335 1260 374 PATRUM.

375 437 476 473 tum
497 425 746 489 Scripturae
764 433 993 471 testantur
1011 422 1203 483 divinae3
1233 433 1280 470 et
1301 433 1352 470 tu
1373 441 1484 471 cum
1498 424 1780 472 inobediens

375 518 476 549 esse
497 500 769 566 parentibus
796 499 1028 566 probariS‚
1059 499 1167 547 vide
1185 516 1246 548 ne
1270 510 1313 547 te
1332 500 1599 548 coelestibus
1616 517 1780 549 eruere

376 594 581 642 nequeas
594 577 655 625 ab
673 578 880 625 offensis.
892 596 912 622 υ
932 579 1040 623 Haec
1056 587 1188 642 patre
1203 577 1445 641 loquente,
1463 577 1574 624 licet
1586 578 1782 627 haberet

375 656 521 703 alium
546 654 714 716 filium,
746 654 879 701 facile
910 664 1068 701 tamen
1103 654 1183 701 tali
1212 654 1406 701 aetatulae
1439 655 1669 720 persuasit
1694 672 1781 702 vo-

375 733 545 780 luntati
578 731 1059 797 propriae‘contraire.
1094 731 1309 795 Denique
1341 731 1454 778 dato
1485 747 1669 796 sponsae
1699 747 1784 780 an-

376 809 491 856 nulo
517 808 711 873 porrigit
730 807 963 868 osculum,
986 806 1162 871 praebet
1176 806 1555 868 calciamentum,
1577 807 1785 855 celebrat

376 886 624 952 sponsaliae
662 885 790 932 diem
830 885 1015 931 festum.
1042 887 1224 931 Interea
1257 884 1440 946 genitor
1473 894 1520 931 et
1565 879 1786 948 genitrix¹

377 963 541 1010 mortis
564 978 735 1009 somno
767 962 906 1026 sopiti
927 962 1246 1024 migraverunt
1269 977 1298 1008 a
1324 961 1512 1018 saeculo,
1546 962 1650 1008 vitae
1679 977 1785 1026 pre-

377 1040 518 1086 sentis
539 1038 774 1086 curriculo
802 1038 900 1101 jam
924 1048 1133 1102 peracto.
1168 1038 1254 1085 Hic
1288 1053 1399 1085 vero
1425 1054 1535 1085 cum
1558 1054 1785 1102 germano

378 1126 591 1181 tempore
622 1115 775 1162 luctus
808 1114 1015 1179 expleto,
1051 1123 1272 1162 oneratus
1299 1114 1440 1162 donis
1472 1114 1783 1180 nuptialibus,

378 1193 528 1240 fratris
546 1193 697 1258 pergit
718 1192 779 1239 ad
796 1192 1018 1250 domum;
1040 1207 1183 1255 quem
1202 1192 1250 1237 in
1271 1200 1452 1238 tantum
1475 1191 1648 1256 reperit
1669 1193 1785 1240 vino

379 1270 642 1330 madidum,
678 1279 728 1315 ut
753 1285 841 1315 nec
869 1278 1193 1331 cognosceret,
1225 1283 1313 1314 nec
1341 1267 1571 1332 reciperet
1593 1269 1786 1333 propria

376 1347 425 1394 in
447 1347 593 1394 domo
614 1362 908 1410 germanum.
941 1343 1024 1391 Ille
1053 1361 1166 1391 vero
1191 1344 1429 1409 suspirans
1451 1354 1498 1391 et
1522 1343 1786 1408 lacrymans

377 1424 564 1471 secessit
582 1424 631 1469 in
649 1432 849 1488 partem,
874 1422 1095 1485 venitque
1110 1420 1172 1468 ad
1191 1421 1428 1484 tugurium
1444 1421 1494 1466 in
1510 1436 1608 1484 quo
1624 1420 1786 1468 fenum

377 1500 529 1547 fuerat
568 1508 881 1562 aggregatum,
920 1497 1079 1562 ibique
1120 1497 1339 1561 colligato
1382 1496 1598 1561 praebens
1640 1498 1788 1562 equiti

377 1575 624 1642 pabulum,
674 1574 898 1623 decubuit
930 1591 1071 1639 super
1114 1573 1277 1621 fenum
1318 1573 1379 1620 ad
1425 1573 1784 1637 quiescendum.

377 1653 737 1716 Expergefactus
749 1660 907 1699 autem
925 1650 1081 1698 media
1094 1659 1253 1709 nocte,
1272 1650 1417 1712 surgit
1429 1649 1490 1696 de
1508 1659 1656 1697 stratu
1678 1666 1784 1710 suo,

377 1730 639 1794 erectisque
677 1728 738 1776 ad
775 1728 947 1775 coelum
987 1726 1223 1787 manibus,
1263 1727 1432 1791 gratias
1470 1743 1608 1790 agere
1644 1727 1788 1792 coepit

378 1807 695 1872 omnipotenti
718 1809 838 1866 Deo,
860 1805 993 1870 quod
1014 1814 1150 1865 esset,
1172 1804 1303 1867 quod
1326 1804 1521 1866 viveret,
1543 1804 1674 1868 quod
1698 1805 1789 1852 ale-
1847 1796 1851 1805 ¹

379 1893 506 1931 retur
541 1883 681 1931 donis
716 1883 842 1946 ejus3
898 1892 943 1929 et
982 1882 1072 1930 alia
1119 1881 1450 1945 hujuscemodi
1487 1891 1783 1945 prosecutus.

378 1964 499 2008 Cum
517 1961 715 2025 suspiria
738 1960 878 2024 longa
889 1959 1203 2025 protraheret,
1228 1969 1367 2022 atque
1383 1958 1601 2022 lacrymis
1612 1957 1789 2006 crebris

378 2054 520 2102 genas
562 2037 767 2084 ubertim
800 2038 990 2100 rigaret,
1031 2040 1158 2083 Deus
1192 2036 1512 2100 omnipotenS,
1561 2037 1643 2099 qui
1683 2035 1788 2083 illos

377 2131 499 2179 quos
527 2114 754 2179 praescivit
789 2123 835 2160 et
867 2113 1215 2178 praedestinavit
1240 2112 1509 2159 conformes
1536 2111 1640 2158 fieri
1671 2112 1788 2159 ima-

378 2191 498 2255 ginis
539 2191 643 2238 Filii
664 2190 757 2251 sui‚
794 2189 1074 2254 compunxit
1101 2205 1185 2235 cor
1219 2189 1319 2252 ejus
1355 2198 1406 2235 ut
1429 2187 1595 2235 relicto
1617 2190 1788 2236 saeculo

378 2268 728 2333 manciparetur
750 2266 812 2313 ad
828 2266 1011 2313 cultum
1032 2266 1265 2313 divinum.

443 2348 491 2393 2.
528 2347 660 2392 Tunc
683 2344 778 2404 ille,
805 2344 938 2408 quasi
955 2344 1054 2407 jam
1089 2342 1310 2390 sacerdos
1337 2352 1589 2408 custosque
1620 2343 1789 2391 animae

378 2439 488 2482 suae,
515 2421 769 2488 praedicare
801 2420 892 2468 sibi
926 2421 1015 2485 ipsi
1047 2436 1240 2467 exorsus
1263 2430 1354 2480 est,
1380 2419 1543 2467 dicens
1570 2438 1580 2467 ε
1611 2440 1633 2463 α
1660 2420 1788 2478 Quid

378 2500 494 2562 agis,
509 2499 699 2547 anima?
714 2499 830 2562 quid
844 2499 891 2544 in
906 2497 1131 2560 ambiguo
1145 2513 1371 2561 suspensa
1385 2498 1582 2545 teneris?
1600 2499 1788 2544 Vanum

379 2585 445 2622 est
478 2576 607 2623 enim
643 2575 896 2634 saeculum,
932 2590 1064 2623 vanae
1096 2583 1207 2621 sunt
1236 2575 1629 2639 concupiscentiae
1666 2574 1782 2637 ejus,

432 2751 488 2804 (1)
515 2754 639 2804 Supra
664 2753 820 2801 lineam,
845 2761 883 2791 et
908 2760 1035 2802 tyron.
1058 2751 1172 2801 notis,
1196 2754 1300 2791 2204
1323 2750 1450 2789 addit:
1480 2753 1634 2789 Genitor
1650 2756 1731 2800 eJus
1749 2761 1787 2790 et

381 2812 567 2850 Genitrix.
