2054 3450
528 333 594 370 DE
623 321 879 368 GREcom'E
908 329 1003 367 sUR
1031 329 1118 366 LEs
1149 327 1385 367 PSAUMES.
1585 327 1662 365 409

319 422 518 466 LXXXI.
558 418 700 477 Quod
730 419 828 483 ipse
851 417 899 464 in
923 418 1135 462 Deorum
1167 415 1326 462 medio
1349 414 1478 463 solus
1506 415 1661 461 omni-

253 498 459 562 potentis
478 497 582 561 (sic)
607 504 936 559 cognoscatur.

318 575 538 620 LXXXII.
556 572 699 631 Quod
713 573 812 637 ipse
829 571 887 618 sit
901 572 1054 617 omnis
1070 579 1115 617 et
1136 569 1388 617 altissimus
1405 569 1658 617 habitator.

320 654 562 700 LXXXIII.
601 651 743 710 Quod
777 652 876 715 ipse
911 651 1110 698 coelestis
1142 649 1316 696 domus
1349 647 1489 695 nobis
1521 665 1666 712 regna

252 718 447 794 pandat2

317 805 558 851 LXXXIV.
606 803 750 862 Quod
794 806 892 869 ipse
932 802 1071 850 nobis
1116 801 1488 849 misericordiam
1532 818 1666 848 suam

253 880 460 928 adventu
489 897 724 946 corporeo
761 881 897 928 suerit
930 880 1150 944 dignatus
1179 879 1445 927 ostendere.

317 960 539 1005 LXXXV.
577 957 720 1015 Quod
750 959 851 1022 ipse
878 958 1033 1006 suavis
1057 993 1198 1005 .......
1226 956 1584 1022 deprecantium
1618 973 1667 1003 se

253 1050 416 1099 preces
448 1032 684 1081 exaudiat.

317 1114 560 1159 LXXXVI.
600 1112 744 1170 Quod
773 1113 874 1177 ipse
902 1112 1108 1160 ecclesiae
1130 1129 1224 1158 suae
1247 1103 1406 1177 portas
1424 1110 1472 1156 in
1496 1111 1669 1158 sanctis

252 1189 496 1237 mentibus
534 1190 807 1237 conlocatas
843 1189 1005 1237 subtra
1051 1203 1223 1238 cuncta
1264 1190 1447 1237 Israelis
1493 1189 1668 1253 templa

252 1266 439 1313 dixerit.

317 1346 578 1390 LXXXVII.
617 1342 763 1401 Quod
791 1344 891 1408 ipse
920 1361 1009 1409 pro
1036 1344 1176 1391 nobis
1201 1344 1423 1407 dignatus
1448 1345 1506 1390 sit
1539 1360 1668 1390 mor-

252 1429 346 1467 tem
394 1420 630 1484 suscipere
674 1429 720 1467 et
764 1421 999 1468 matutina
1042 1422 1099 1468 sit
1141 1421 1484 1469 resurrectione
1522 1420 1670 1483 glori-

253 1496 434 1545 ficatus.

315 1576 603 1623 LXXXVIII.
641 1574 784 1633 Quod
816 1575 914 1639 ipse
943 1576 1170 1640 cumpatit
1199 1591 1255 1623 ac
1277 1573 1472 1642 qua[lis]
1504 1579 1668 1625 omnia

253 1661 419 1716 potent
443 1651 550 1716 (sic)
576 1652 867 1699 dominetur,

320 1733 558 1777 LXXXIX.
597 1729 740 1787 Quod
768 1730 868 1793 ipse
898 1728 1063 1794 populi
1088 1732 1215 1776 resu¹
1222 1765 1607 1777 ........

338 1935 618 1966 FRAGMENTA
652 1935 748 1966 DUO
780 1935 840 1964 Ex
873 1935 1214 1967 COMMENTARIO
1248 1936 1297 1966 IN
1330 1936 1535 1967 PSALMOS
1550 1922 1580 1965 ².

317 2069 357 2111 1.
393 2068 447 2112 In
470 2065 680 2131 capitulo
710 2069 784 2112 De
803 2068 1175 2130 compunctione,
1206 2069 1356 2114 GREG.
1383 2070 1670 2114 Tnnonmffls

253 2145 300 2190 in
314 2146 502 2191 Comm.
520 2145 569 2190 in
591 2143 801 2190 Psalmos
819 2163 830 2191 ι
849 2144 1036 2190 sienim
1052 2143 1266 2208 disrupta
1289 2144 1465 2191 fuerint
1479 2143 1667 2190 vincula

254 2220 535 2278 delictorum
579 2230 851 2267 nostrorum
882 2230 929 2266 et
962 2221 1189 2268 delectata
1225 2222 1362 2267 fuerit
1401 2222 1451 2267 in
1482 2220 1668 2267 Christo

254 2314 388 2344 mens
410 2307 588 2356 nostra,
614 2308 727 2343 tunc
750 2298 1067 2361 nosmetipsos
1084 2298 1326 2345 offerimus
1346 2301 1448 2345 Deo
1466 2298 1670 2344 hostiam

198 2414 202 2418 .
252 2375 409 2421 vivam
443 2383 490 2420 et
525 2383 766 2433 sanctam,
807 2385 1139 2438 permanentes
1175 2391 1285 2421 cum
1320 2391 1378 2421 eo
1413 2376 1462 2420 in
1494 2373 1670 2420 coelesti

252 2451 524 2498 Jerusalem.

306 2633 363 2686 (1)
394 2634 464 2672 Hic
483 2634 622 2673 desinit
638 2634 763 2672 codex
780 2633 1084 2686 Andegavensis.

307 2693 366 2746 (2)
395 2696 512 2732 Eruta
530 2708 552 2731 a
572 2697 620 2735 D.
639 2697 674 2732 J.
696 2693 919 2732 Mabillonio
941 2707 989 2732 ex
1008 2693 1260 2733 vetustissima
1274 2692 1498 2732 collectione
1522 2692 1570 2731 de
1589 2693 1672 2731 vir-

255 2751 398 2790 tutibus
423 2761 461 2790 et
481 2753 583 2791 vitiis
611 2753 651 2791 in
680 2753 811 2791 codice
838 2754 1098 2806 manuscripto
1125 2753 1244 2792 sancti
1272 2753 1424 2791 Martini
1453 2755 1670 2791 Tornacen-

254 2811 319 2849 sis.
341 2810 428 2863 (R.)
