2054 3450
384 356 398 389 1
410 354 458 390 46
900 352 1028 387 VITAE
1055 352 1272 388 PATRUM.

382 457 527 487 manu
550 440 742 503 propria
758 438 889 497 lavit,
911 437 1234 501 lectulumque
1259 439 1519 502 spatiosum
1545 437 1647 486 fieri
1674 454 1792 502 prae·

381 515 524 581 cepit,
551 526 604 562 ut
625 531 789 562 omnes
811 515 860 561 in
888 530 985 561 uno
1017 524 1165 561 stratu
1187 514 1550 578 requiescerent,
1578 531 1678 562 non
1705 514 1792 562 ab·

379 595 580 641 horrens
619 592 782 639 luridae
821 591 1057 639 maculam
1094 591 1250 656 leprae.
1290 591 1434 648 Quod
1471 607 1581 638 cum
1617 592 1793 639 factum

381 671 558 725 fuisset,
596 669 1008 717 obdormientibus
1043 668 1257 733 leprosis,
1294 666 1374 714 hic
1414 668 1536 714 inter
1568 668 1794 716 decanta-

379 748 532 794 tiones
550 747 844 812 psalmorum
865 745 1081 809 vigilans,
1106 742 1317 792 extendit
1346 759 1547 792 manum
1570 760 1722 805 suam,
1748 754 1794 791 et

380 825 527 888 tetigit
554 825 676 872 latus
706 824 882 870 infirmi
917 823 1076 881 unius,
1112 823 1364 887 statimque
1395 822 1650 870 mundatus
1677 833 1747 870 est
1777 841 1787 868 z

380 912 603 966 tactuque
616 901 792 949 salubri
809 901 982 947 iterum
997 909 1194 962 tangens
1212 899 1375 960 alium,
1392 909 1439 946 et
1456 900 1555 964 ipse
1577 899 1793 963 protinus

379 989 449 1026 est
470 978 743 1025 mundatus.
766 978 981 1040 Cumque
1006 992 1055 1022 se
1079 976 1332 1022 sensissent
1353 975 1564 1022 redditos
1583 976 1789 1037 sanitati,

380 1057 530 1118 tetigit
549 1055 874 1119 unusquisque
897 1053 1168 1118 proximum
1185 1070 1342 1113 suum,
1368 1062 1420 1099 ut
1441 1053 1615 1100 scilicet
1634 1069 1795 1118 exper-

379 1132 545 1195 gefacti
572 1141 805 1195 rogarent·
824 1140 1039 1177 sanctum
1068 1146 1155 1195 pro
1189 1129 1531 1176 emundatione
1559 1145 1660 1176 sua.
1700 1129 1794 1175 Sed

377 1227 487 1256 cum
513 1209 623 1256 tacti
654 1208 715 1255 ab
746 1208 950 1254 invicem
979 1207 1190 1265 fuissent,
1219 1217 1266 1253 et
1289 1207 1378 1271 ipsi
1411 1206 1627 1253 mundati
1661 1215 1788 1252 sunt.

376 1287 513 1334 Mane
532 1295 693 1333 autem
714 1284 837 1337 sacto
865 1284 1096 1348 aspiciens
1127 1299 1294 1330 omnes
1319 1283 1499 1330 nitente
1532 1292 1640 1330 cute
1657 1281 1794 1329 efful-

377 1379 503 1426 gere,
522 1363 691 1426 gratias
721 1378 863 1425 agens
883 1363 1002 1419 Deo,
1027 1371 1074 1407 et
1096 1361 1199 1407 vale
1231 1360 1394 1407 dicens
1416 1376 1471 1406 ac
1492 1358 1791 1422 singulorum

377 1439 539 1487 oscula
569 1439 740 1497 libanS,
778 1438 1030 1498 abscessit,
1069 1437 1302 1484 mandans
1337 1438 1404 1484 eis
1431 1447 1484 1484 ut
1514 1453 1703 1501 semper
1737 1453 1794 1484 ea

377 1534 481 1580 quae
502 1517 589 1563 Dei
605 1525 738 1563 erant
759 1525 806 1562 et
827 1515 1086 1563 retinerent
1109 1524 1316 1579 pectore,
1344 1524 1390 1561 et
1412 1513 1636 1580 operibus
1659 1530 1790 1562 exer-

334 1645 337 1649 >
377 1602 555 1650 cerent.

442 1672 490 1717 5.
531 1670 785 1734 Lupicinus
812 1679 971 1716 autem
1001 1668 1098 1730 jam
1130 1684 1272 1715 senex
1310 1668 1461 1716 factus
1495 1668 1692 1716 accessit
1727 1669 1788 1716 ad

377 1746 713 1812 Chilpericum¹
751 1762 926 1809 regem,
969 1745 1051 1809 qui
1089 1755 1203 1792 tunc
1245 1743 1526 1808 Burgundiae
1569 1755 1783 1810 praeerat.

379 1823 598 1871 Audierat
629 1824 885 1870 enimcum
917 1822 1132 1870 habitare
1172 1822 1303 1888 apud
1334 1823 1503 1870 urbem
1533 1822 1787 1871 Janubam.

377 1901 521 1964 Cujus
562 1917 673 1947 cum
708 1901 943 1963 ingressus
982 1909 1051 1947 est
1088 1910 1294 1964 portam,
1333 1900 1524 1946 tremuit
1567 1899 1791 1947 cathedra
1846 1886 1860 1893 ³

378 1978 515 2040 regis,
537 1977 620 2040 qui
641 1993 697 2023 ea
720 1977 839 2024 hora
862 1976 924 2023 ad
946 1977 1220 2023 convivium
1239 1975 1492 2034 residebat,
1518 1976 1790 2023 exterritus-

378 2069 472 2116 que
487 2054 552 2101 ait
569 2053 665 2100 suis
685 2071 695 2098 :
717 2074 740 2095 ιι
756 2056 906 2100 Terrae
919 2062 1076 2100 motus
1099 2053 1248 2100 factus
1265 2063 1350 2100 est.
1378 2073 1399 2096 »
1428 2053 1795 2117 Responderunt

379 2130 459 2193 qui
470 2129 666 2177 aderant
680 2128 798 2176 nihil
815 2146 863 2176 se
883 2129 1079 2176 sensisse
1091 2129 1443 2176 commotionis.
1462 2132 1519 2175 Et
1535 2129 1614 2176 ille
1635 2148 1646 2177 :
1665 2149 1688 2173 <c
1700 2132 1791 2177 Oc-

378 2208 550 2253 currite
567 2205 849 2270 quantocius
871 2205 934 2252 ad
961 2215 1169 2269 portam,
1193 2221 1254 2251 ne
1286 2205 1406 2252 forte
1432 2205 1604 2269 aliquis
1629 2205 1794 2253 adver-

379 2283 471 2330 sari
493 2283 689 2347 cupiens
704 2298 853 2347 regno
863 2292 1028 2329 nostro
1050 2281 1188 2340 adsit,
1203 2282 1336 2345 quasi
1357 2274 1605 2329 nociturus
1627 2282 1790 2343 nobis;

380 2376 479 2406 non
494 2360 623 2406 enim
638 2359 739 2406 sine
761 2375 900 2406 causa
914 2359 1014 2406 haec
1033 2358 1146 2406 sella
1167 2360 1473 2406 contremuit.
1497 2379 1521 2402 >2
1537 2359 1630 2417 Qui
1642 2361 1794 2423 proti-

382 2451 472 2480 nus
494 2444 849 2495 concurrentes,
872 2434 1175 2482 offenderunt
1198 2451 1362 2482 senem
1383 2436 1434 2482 in
1448 2445 1574 2483 veste
1590 2435 1791 2500 pellicia,

382 2522 428 2558 et
449 2512 670 2559 dixerunt
687 2512 785 2575 regi
807 2510 867 2558 de
890 2528 967 2572 eo,
991 2512 1075 2576 qui
1096 2511 1159 2559 ait
1177 2529 1187 2557 z
1209 2531 1233 2556 «
1253 2515 1337 2573 lte,
1364 2512 1586 2561 adducite
1614 2529 1725 2560 eum
1743 2513 1792 2559 in

383 2597 643 2653 conspectu
659 2605 788 2647 meo,
803 2597 856 2635 ut
872 2587 1132 2652 intelligam
1150 2588 1284 2652 cujus
1314 2589 1494 2638 ordinis
1505 2589 1655 2636 homo
1673 2588 1745 2636 sit.
1767 2609 1791 2633 υ

440 2766 498 2820 (1)
526 2768 762 2820 Chilpericus
782 2770 1004 2808 Gundiuchi
1026 2771 1139 2822 filius,
1164 2771 1337 2809 clotildis
1357 2781 1480 2822 pater.
1495 2754 1643 2810 ss-Vid.
1662 2770 1791 2823 Apoll.

385 2826 536 2876 Sidon„
553 2827 621 2867 lib.
637 2831 681 2876 V,
694 2829 804 2880 epist.
819 2843 860 2866 v1
869 2838 907 2867 et
920 2842 994 2879 vu,
1009 2829 1291 2880 savaronisque
1304 2837 1342 2868 et
1363 2829 1556 2871 sirmondi
1567 2837 1690 2869 notas.
1709 2828 1794 2882 (R.)
