2054 3450
395 326 470 363 248
907 324 1034 360 VITAE
1061 323 1266 359 PATRUM
1271 350 1281 360 .

396 429 453 458 eo
478 410 635 458 elicuit
661 426 806 456 manu
828 410 928 473 ejus
950 408 1252 473 subscriptas,
1275 410 1474 473 qualiter
1496 410 1583 457 sibi
1617 426 1701 474 per
1728 408 1805 455 de-

397 498 616 535 votorum
650 486 821 533 domos
855 485 1205 548 eleemosynam
1241 485 1469 548 flagitaret
1496 504 1506 532 z
1538 497 1644 550 post
1673 486 1807 548 cujus

396 564 598 618 obitum,
615 563 772 611 adhuc
797 579 906 610 cum
929 562 1029 626 ipsa
1051 563 1282 609 circuiens
1306 562 1521 627 epistola,
1540 579 1637 609 non
1657 578 1807 627 pauca

397 641 458 689 ab
482 641 862 705 eleemosynariis
885 655 974 704 pro
996 639 1143 686 sancti
1170 639 1397 686 memoria
1414 638 1645 703 capiebat.
1673 639 1809 685 Desi-

399 719 583 766 derium
615 719 742 765 enim
771 727 870 765 erat
894 716 1135 776 omnibus,
1168 726 1218 763 ut
1251 718 1451 781 quisque
1478 716 1670 762 vidisset
1699 715 1810 763 sub-

399 797 705 861 scriptionem
728 795 893 855 sancti,
920 794 1097 858 aliquid
1119 794 1349 859 praeberet
1381 794 1549 858 egenti.
1576 793 1718 851 Quod
1743 794 1812 845 vi*-

401 873 519 920 dens
534 873 726 937 quidam
744 871 1037 935 Burgundi0‚
1050 888 1146 918 non
1161 871 1404 918 honorans
1416 887 1570 935 neque
1585 886 1815 918 venerans

403 959 635 1006 sanctum,
658 948 909 996 observare
932 964 1190 1012 pauperem
1217 948 1357 1011 coepit
1387 963 1414 995 a
1439 947 1580 1010 longe
1602 965 1611 993 z
1634 947 1818 994 videns-
1857 936 1859 938 .

403 1044 495 1091 que
517 1044 627 1074 eum
654 1027 793 1073 silvas
821 1027 1100 1088 ingressum,
1123 1026 1258 1073 irruit
1281 1036 1326 1073 et
1351 1026 1538 1073 abstulit
1563 1026 1605 1073 ei
1632 1042 1710 1073 sex
1734 1042 1816 1074 au-

404 1121 510 1151 reos
526 1121 637 1151 cum
657 1104 872 1168 epistola,
899 1102 1209 1166 collisumque
1227 1102 1435 1150 calcibus
1454 1103 1639 1166 reliquit
1658 1101 1819 1150 exani*

406 1197 549 1227 mem.
589 1183 644 1226 At
683 1180 759 1227 ille
795 1181 916 1226 iuter
948 1180 1121 1239 calces,
1157 1189 1204 1226 et
1236 1178 1415 1243 reliqua
1443 1179 1635 1226 verbera
1656 1215 1667 1237 ,
1697 1179 1820 1226 banc

407 1274 574 1305 vocem
601 1257 754 1303 emisit
782 1275 791 1302 :
825 1278 846 1300 «
873 1257 1048 1319 Adjuro
1068 1266 1114 1303 te
1138 1273 1220 1320 per
1244 1259 1395 1302 Deum
1422 1255 1580 1302 vivum
1604 1265 1651 1302 et
1674 1256 1822 1302 virtu-

408 1345 502 1381 tem
528 1333 676 1381 sancti
703 1334 882 1393 Nicetii‚
909 1343 960 1379 ut
981 1333 1054 1379 vel
1073 1332 1320 1398 epistolam
1344 1333 1443 1396 ejus
1460 1332 1577 1379 mihi
1600 1331 1732 1379 reddi
1755 1331 1820 1379 fa-

408 1412 524 1469 cias,
549 1411 660 1474 quia
682 1410 798 1456 mihi
824 1410 946 1457 ultra
969 1427 1065 1457 non
1090 1411 1177 1456 erit
1201 1410 1295 1457 vita
1318 1411 1355 1456 si
1377 1426 1483 1457 eam
1505 1408 1775 1474 perdidero.
1797 1427 1820 1453 »

414 1488 494 1535 llle
525 1504 639 1535 vero
671 1504 725 1534 ea
755 1488 962 1552 projecta
996 1488 1045 1533 in
1081 1497 1253 1534 terram
1286 1487 1427 1542 abiit,
1465 1503 1612 1550 quam
1647 1502 1826 1551 pauper

414 1564 639 1627 colligens
676 1565 799 1611 venit
839 1564 900 1611 ad
934 1564 1201 1622 civitatem3
1238 1574 1337 1611 erat
1373 1565 1501 1611 enim
1546 1562 1612 1610 ibi
1656 1563 1826 1610 eodem

417 1652 631 1707 tempore
663 1641 969 1687 Phronimius
997 1642 1263 1706 episcopus,
1287 1642 1421 1704 cujus
1445 1657 1586 1706 supra
1610 1641 1827 1688 memini·

417 1736 540 1766 mus.
569 1719 636 1765 Ad
660 1735 805 1782 quem
829 1718 1058 1766 accedens
1079 1735 1257 1783 pauper
1280 1718 1373 1777 ille,
1390 1719 1477 1765 ait:
1503 1737 1526 1762 «
1548 1721 1664 1765 Ecce
1679 1718 1828 1765 homo

418 1797 499 1860 qui
534 1812 611 1843 me
652 1797 852 1860 graviter
889 1813 1057 1843 caesum
1099 1796 1394 1861 exspoliavit,
1434 1795 1718 1859 abstulitque
1752 1811 1828 1842 sex

420 1888 603 1934 aureos,
633 1889 754 1937 quos
775 1889 873 1937 pro,
894 1874 1065 1920 intuitu
1095 1873 1303 1937 epistolae
1335 1873 1482 1919 sancti
1508 1873 1671 1919 Nicetii
1696 1889 1830 1920 acce-

421 1965 600 2012 peram.
632 1969 652 1991 »
674 1950 933 2014 Episcopus
958 1959 1116 1997 autem
1140 1949 1346 1996 narravit
1362 1949 1461 1995 haec
1480 1949 1658 1995 comiti.
1682 1948 1830 1997 Judex

422 2042 534 2071 vero
553 2035 774 2072 vocatum
794 2026 1197 2088 Burgundionem,
1215 2026 1512 2090 percunctari
1535 2025 1677 2089 coepit
1691 2024 1752 2072 ab
1775 2041 1833 2071 eo

422 2101 537 2164 quid
561 2102 730 2148 exinde
761 2102 954 2149 diceret.
990 2103 1182 2167 Negavit
1209 2112 1365 2148 autem
1397 2118 1558 2149 coram
1589 2101 1831 2160 omnibus,

423 2178 586 2239 dicens
618 2197 639 2220 «
669 2179 779 2242 quia
809 2195 1053 2242 nunquam
1086 2178 1184 2225 vidi
1213 2178 1458 2225 bominem
1484 2179 1646 2235 istum,
1681 2193 1836 2240 neque

425 2271 499 2301 res
512 2255 612 2317 ejus
625 2254 811 2301 abstuli.
834 2275 856 2298 2>
872 2256 1303 2319 Episcopusautem
1317 2250 1552 2319 aspiciens
1568 2253 1834 2319 epistolam,

425 2330 541 2376 vidit
564 2331 963 2398 subscriptionem
985 2332 1150 2389 sancti,
1177 2341 1222 2378 et
1245 2348 1503 2378 conversus
1536 2331 1597 2378 ad
1627 2334 1837 2394 Burgun—

427 2407 637 2467 dionem,
666 2408 758 2454 ait:
790 2428 811 2450 α
842 2410 960 2454 Ecce
983 2409 1030 2454 in
1058 2407 1146 2454 hac
1169 2408 1366 2472 epistola
1387 2408 1668 2472 subscriptio
1691 2406 1840 2453 sancti

426 2483 591 2538 Nicetii
609 2493 808 2530 tenetur.
839 2485 885 2530 Si
907 2501 957 2531 es
975 2485 1224 2544 inuocem,
1247 2485 1420 2532 accede
1440 2485 1652 2549 propius,
1670 2493 1717 2530 et
1733 2483 1842 2545 jura

428 2569 624 2623 tangens
651 2576 794 2606 manu
822 2561 1102 2625 scripturam
1131 2578 1273 2625 quam
1298 2562 1398 2626 ipse
1421 2561 1648 2625 depinxit.
1681 2558 1842 2605 Credi-

429 2635 586 2682 dimus
610 2639 739 2682 enim
764 2637 824 2682 de
851 2638 1022 2684 virtute
1054 2638 1177 2684 illius
1207 2639 1317 2700 quia
1339 2647 1419 2684 aut
1444 2647 1490 2683 te
1513 2637 1656 2683 hodie
1678 2635 1844 2682 reddet

431 2711 491 2758 ab
515 2712 610 2759 hoc
628 2713 801 2760 scelere
823 2714 1208 2779 comprobatum,
1225 2724 1305 2761 aut
1321 2724 1447 2760 certe
1467 2713 1596 2760 abire
1609 2713 1843 2777 permittet

433 2789 694 2835 innoxium.
736 2809 758 2834 »
796 2792 848 2835 At
870 2791 947 2837 ille
971 2791 1087 2838 nihil
1120 2800 1345 2849 moratus,
1379 2790 1559 2837 accedit
1592 2789 1649 2837 ad
1678 2803 1846 2835 manus
