2054 3450
394 361 407 395 1
419 360 468 395 08
753 361 817 396 DE
845 360 1032 396 GLORIA
1059 360 1428 399 CONFESSORUM.

391 446 479 492 bus
503 456 547 491 et
561 456 679 492 esset
695 447 742 492 in
767 447 980 504 transitu,
1001 447 1135 511 petiit
1152 447 1318 507 filium,
1345 448 1504 495 dicens
1527 466 1536 494 τ
1564 468 1585 491 «
1601 450 1788 506 Quaem,

392 523 455 568 fili
485 523 779 580 dulcissime,
809 541 869 570 ne
898 540 974 570 me
1004 534 1111 570 ante
1136 525 1259 571 diem
1286 535 1505 588 quartum
1540 524 1789 589 sepeliatis,

392 609 439 644 ut
456 602 693 647 venientes
709 601 869 647 famuli
886 601 1126 647 famulaeve
1143 618 1308 648 omnes
1329 600 1516 648 videant
1534 617 1788 666 corpuscu-

389 675 485 721 lum
523 693 704 733 meum,
740 694 827 724 nec
853 678 973 724 ullus
996 678 1243 724 frustretur
1261 678 1322 724 ab
1345 678 1573 741 exsequiis
1592 679 1706 724 meis
1729 677 1789 723 de

388 751 460 798 his
481 769 603 816 quos
625 754 962 801 studiosissime
989 755 1206 801 enutrivi.
1230 775 1251 797 »
1277 757 1332 800 Et
1356 755 1451 802 haec
1475 755 1653 815 dicens,
1679 755 1789 801 emi-

387 829 444 874 sit
467 830 698 894 spiritum.
727 831 892 896 Abluta
915 837 1045 895 juxta
1071 848 1250 878 morem
1269 869 1281 891 ,
1317 831 1574 878 collocatur
1596 831 1643 876 in
1670 831 1790 877 fere-

387 915 478 966 tro,
506 916 645 971 atque
667 909 714 954 in
743 909 985 955 ecclesiam
1016 909 1308 974 deportatur.
1345 911 1527 965 Quarto
1550 924 1663 954 vero
1691 907 1784 964 die,

386 983 657 1047 priusquam
697 985 995 1049 sepeliretur,
1030 995 1190 1032 tantus
1224 985 1346 1031 odor
1381 985 1616 1031 suavitatis
1650 983 1788 1030 effra-

384 1061 533 1122 gravit
567 1077 592 1107 a
628 1078 843 1126 corpore,
879 1072 933 1109 ut
964 1078 1130 1108 omnes
1159 1062 1619 1121 admirarentur„De
1650 1069 1789 1106 nocte

385 1152 494 1184 vero
537 1137 704 1200 globus
734 1125 853 1201 ignis
887 1156 1084 1202 magnus
1117 1140 1362 1203 apparuit,
1398 1139 1479 1202 qui
1513 1137 1574 1185 ab
1609 1138 1789 1184 oriente

383 1229 685 1277 consurgens,
725 1233 779 1263 ac
810 1233 894 1280 per
911 1216 1015 1263 coeli
1038 1217 1265 1263 circulum
1290 1232 1506 1272 currens,
1535 1231 1676 1279 super
1702 1231 1788 1260 ec—

382 1291 569 1338 clesiam
590 1293 731 1352 stetit,
758 1293 805 1339 in
828 1309 921 1356 qua
943 1310 1115 1357 corpus
1133 1293 1364 1339 defunctae
1381 1292 1582 1356 jacebat.
1609 1295 1671 1337 Ex
1693 1291 1787 1338 hoc

381 1368 507 1414 enim
539 1369 600 1415 ita
623 1379 842 1416 cunctam
873 1369 1020 1416 aedem
1046 1369 1226 1415 subitus
1251 1369 1475 1433 splendor
1506 1367 1699 1427 obtexit,
1735 1377 1786 1413 ut

382 1454 600 1507 putarent
615 1462 663 1492 se
680 1446 806 1492 diem
827 1446 1033 1492 medium
1057 1445 1382 1509 contemplari.
1403 1447 1457 1491 Et
1477 1445 1632 1491 statim
1656 1460 1787 1490 ener-

381 1522 570 1582 gumeni
597 1522 729 1568 multi
753 1523 1148 1581 exclamaverunt,
1175 1522 1383 1568 dicentes
1405 1521 1534 1584 quod
1559 1521 1785 1567 Martinus

385 1599 508 1644 venit
545 1599 606 1646 ad
639 1601 883 1646 transitum
916 1599 1124 1662 Pelagiae.
1165 1599 1454 1645 Succedente
1484 1614 1597 1645 vero
1629 1596 1783 1643 domi-

379 1675 485 1721 nica
517 1676 592 1722 die
618 1686 866 1740 postquam
894 1677 1076 1741 sepulta
1098 1686 1188 1733 est,
1227 1684 1484 1739 posueruut
1509 1690 1696 1721 cereum
1725 1673 1784 1719 ad

379 1762 519 1816 caput
546 1753 661 1816 ejus,
697 1753 902 1800 dicentes
933 1771 943 1799 :
980 1755 1185 1800 «Parum
1211 1751 1348 1798 nobis
1381 1762 1451 1798 est
1480 1767 1596 1797 cerae
1617 1760 1663 1797 et
1686 1750 1782 1813 jam

379 1845 471 1874 nox
511 1830 737 1893 prolixior
776 1830 990 1886 habetur,
1027 1847 1139 1876 cum
1174 1830 1231 1876 ad
1262 1829 1546 1876 matutinum
1586 1843 1781 1874 consur-

378 1921 542 1966 gemus
565 1915 677 1951 tunc
700 1906 984 1952 accendatur
1007 1922 1170 1952 cereus
1192 1906 1292 1951 iste.
1313 1925 1334 1948 »
1359 1907 1431 1962 Et,
1450 1905 1609 1950 clauso
1640 1903 1780 1959 ostio,

377 1980 610 2027 abierunt.
659 1982 850 2045 Expleto
879 1992 1037 2028 autem
1075 1998 1263 2035 somno,
1297 1981 1491 2043 ingressi
1521 1979 1779 2034 basilicam,

375 2057 655 2105 invenerunt
677 2075 865 2106 cereum
897 2060 1166 2118 ardentem,
1194 2076 1333 2122 quem
1362 2059 1642 2105 exstinctum
1674 2058 1780 2104 reli-

376 2144 588 2196 querant.
618 2135 708 2181 Sed
737 2145 783 2182 et
815 2137 1034 2183 sanitates
1057 2135 1356 2182 infirmorum
1381 2135 1548 2199 saepius
1580 2145 1782 2198 aguntur

376 2211 432 2257 ad
461 2211 597 2275 liuJus
626 2213 851 2275 religiosae
874 2213 1160 2276 sepulcrum.

953 2382 1107 2416 CAPUT
1130 2382 1207 2417 CV.

715 2486 767 2519 De
783 2486 943 2532 sepulcro
963 2485 1166 2520 Crescentiae
1183 2485 1396 2520 Parisiorum
1410 2486 1435 2518 ¹.

436 2597 660 2642 Tumulus
680 2607 777 2643 erat
795 2598 842 2642 in
863 2598 966 2643 vico
987 2598 1266 2644 Parisiorum
1287 2597 1415 2643 haud
1437 2596 1599 2661 procul
1625 2612 1650 2642 a
1669 2595 1776 2642 loco

375 2674 419 2718 in
454 2690 550 2735 quo
586 2674 757 2728 senior,
790 2684 842 2719 ut
869 2674 1024 2729 aiunt,
1060 2674 1251 2720 ecclesia
1285 2683 1602 2737 nuncupatur,
1644 2671 1776 2718 nullo

426 2828 482 2879 (1)
516 2817 730 2866 criscentiae'
741 2838 778 2868 et
794 2830 894 2868 infra
915 2833 1108 2878 Crisentie,
1137 2832 1253 2868 2204.
