<?xml version="1.0" encoding="UTF-8"?>
<!DOCTYPE html PUBLIC "-//W3C//DTD XHTML 1.0 Transitional//EN"
    "http://www.w3.org/TR/xhtml1/DTD/xhtml1-transitional.dtd">
<html xmlns="http://www.w3.org/1999/xhtml" xml:lang="en" lang="en">
 <head>
  <title>
</title>
<meta http-equiv="Content-Type" content="text/html;charset=utf-8" />
  <meta name='ocr-system' content='tesseract 3.04.00' />
  <meta name='ocr-capabilities' content='ocr_page ocr_carea ocr_par ocr_line ocrx_word'/>
</head>
<body>
  <div class='ocr_page' id='page_1' title='image "./leslivresdesmira03greguoft_0352.png"; bbox 0 0 2054 3450; ppageno 0'>
   <div class='ocr_carea' id='block_1_1' title="bbox 445 295 1328 334">
    <p class='ocr_par' dir='ltr' id='par_1_1' title="bbox 445 295 1328 334">
     <span class='ocr_line' id='line_1_1' title="bbox 445 295 1328 334; baseline 0.002 -2"><span class='ocrx_word' id='word_1_1' title='bbox 445 297 519 333; x_wconf 79' lang='lat'>336</span> <span class='ocrx_word' id='word_1_2' title='bbox 958 295 1086 332; x_wconf 85' lang='lat' dir='ltr'>vlTAE</span> <span class='ocrx_word' id='word_1_3' title='bbox 1112 296 1328 334; x_wconf 84' lang='lat' dir='ltr'>PATRUM.</span> 
     </span>
    </p>
   </div>
   <div class='ocr_carea' id='block_1_2' title="bbox 416 380 1843 2367">
    <p class='ocr_par' dir='ltr' id='par_1_2' title="bbox 416 380 1843 2367">
     <span class='ocr_line' id='line_1_2' title="bbox 444 380 1843 447; baseline 0.005 -22"><span class='ocrx_word' id='word_1_4' title='bbox 444 380 650 426; x_wconf 88' lang='lat' dir='ltr'>viderint</span> <span class='ocrx_word' id='word_1_5' title='bbox 671 380 962 442; x_wconf 86' lang='lat' dir='ltr'>ignoramus.</span> <span class='ocrx_word' id='word_1_6' title='bbox 986 383 1090 444; x_wconf 91' lang='lat' dir='ltr'>Ipse</span> <span class='ocrx_word' id='word_1_7' title='bbox 1109 389 1266 427; x_wconf 90' lang='lat' dir='ltr'>tamen</span> <span class='ocrx_word' id='word_1_8' title='bbox 1292 381 1512 447; x_wconf 88' lang='lat' dir='ltr'>deinceps</span> <span class='ocrx_word' id='word_1_9' title='bbox 1532 384 1748 432; x_wconf 87' lang='lat' dir='ltr'>fratribus</span> <span class='ocrx_word' id='word_1_10' title='bbox 1769 402 1843 432; x_wconf 88' lang='lat' dir='ltr'>re-</span> 
     </span>
     <span class='ocr_line' id='line_1_3' title="bbox 440 454 1840 514; baseline 0.005 -13"><span class='ocrx_word' id='word_1_11' title='bbox 440 456 560 514; x_wconf 89' lang='lat' dir='ltr'>tulit,</span> <span class='ocrx_word' id='word_1_12' title='bbox 590 471 678 502; x_wconf 91' lang='lat' dir='ltr'>nec</span> <span class='ocrx_word' id='word_1_13' title='bbox 711 455 838 502; x_wconf 89' lang='lat' dir='ltr'>enim</span> <span class='ocrx_word' id='word_1_14' title='bbox 869 465 939 502; x_wconf 90' lang='lat' dir='ltr'>est</span> <span class='ocrx_word' id='word_1_15' title='bbox 965 454 1167 503; x_wconf 90' lang='lat' dir='ltr'>dubium</span> <span class='ocrx_word' id='word_1_16' title='bbox 1191 457 1291 504; x_wconf 85' lang='lat' dir='ltr'>haec</span> <span class='ocrx_word' id='word_1_17' title='bbox 1313 456 1440 504; x_wconf 88' lang='lat' dir='ltr'>fideli</span> <span class='ocrx_word' id='word_1_18' title='bbox 1471 458 1646 507; x_wconf 90' lang='lat' dir='ltr'>famulo</span> <span class='ocrx_word' id='word_1_19' title='bbox 1675 461 1840 508; x_wconf 90' lang='lat' dir='ltr'>Domi-</span> 
     </span>
     <span class='ocr_line' id='line_1_4' title="bbox 438 531 1840 597; baseline 0.006 -20"><span class='ocrx_word' id='word_1_20' title='bbox 438 548 554 578; x_wconf 89' lang='lat' dir='ltr'>num</span> <span class='ocrx_word' id='word_1_21' title='bbox 577 531 940 592; x_wconf 84' lang='lat' dir='ltr'>demonstrasse,</span> <span class='ocrx_word' id='word_1_22' title='bbox 965 533 1041 579; x_wconf 91' lang='lat' dir='ltr'>cui</span> <span class='ocrx_word' id='word_1_23' title='bbox 1065 533 1206 580; x_wconf 87' lang='lat' dir='ltr'>etiam</span> <span class='ocrx_word' id='word_1_24' title='bbox 1229 533 1448 597; x_wconf 88' lang='lat' dir='ltr'>dignatus</span> <span class='ocrx_word' id='word_1_25' title='bbox 1470 544 1539 582; x_wconf 88' lang='lat' dir='ltr'>est</span> <span class='ocrx_word' id='word_1_26' title='bbox 1563 552 1840 584; x_wconf 89' lang='lat' dir='ltr'>arcanorum</span> 
     </span>
     <span class='ocr_line' id='line_1_5' title="bbox 437 611 1842 662; baseline 0.004 -6"><span class='ocrx_word' id='word_1_27' title='bbox 437 620 615 657; x_wconf 88' lang='lat' dir='ltr'>secreta</span> <span class='ocrx_word' id='word_1_28' title='bbox 638 611 899 658; x_wconf 85' lang='lat' dir='ltr'>coelestium</span> <span class='ocrx_word' id='word_1_29' title='bbox 919 612 1142 657; x_wconf 89' lang='lat' dir='ltr'>revelare.</span> <span class='ocrx_word' id='word_1_30' title='bbox 1170 614 1283 658; x_wconf 85' lang='lat' dir='ltr'>Nam</span> <span class='ocrx_word' id='word_1_31' title='bbox 1311 611 1438 659; x_wconf 91' lang='lat' dir='ltr'>idem</span> <span class='ocrx_word' id='word_1_32' title='bbox 1461 612 1577 659; x_wconf 90' lang='lat' dir='ltr'>dum</span> <span class='ocrx_word' id='word_1_33' title='bbox 1598 613 1657 661; x_wconf 89' lang='lat' dir='ltr'>de</span> <span class='ocrx_word' id='word_1_34' title='bbox 1677 613 1842 662; x_wconf 88' lang='lat' dir='ltr'>basili-</span> 
     </span>
     <span class='ocr_line' id='line_1_6' title="bbox 436 687 1839 752; baseline 0.003 -19"><span class='ocrx_word' id='word_1_35' title='bbox 436 687 500 733; x_wconf 86' lang='lat' dir='ltr'>cis</span> <span class='ocrx_word' id='word_1_36' title='bbox 530 697 801 734; x_wconf 90' lang='lat' dir='ltr'>sanctorum</span> <span class='ocrx_word' id='word_1_37' title='bbox 829 687 907 734; x_wconf 88' lang='lat' dir='ltr'>die</span> <span class='ocrx_word' id='word_1_38' title='bbox 930 687 1170 734; x_wconf 88' lang='lat' dir='ltr'>dominica</span> <span class='ocrx_word' id='word_1_39' title='bbox 1192 687 1377 752; x_wconf 88' lang='lat' dir='ltr'>expleta</span> <span class='ocrx_word' id='word_1_40' title='bbox 1400 689 1615 736; x_wconf 89' lang='lat' dir='ltr'>oratione</span> <span class='ocrx_word' id='word_1_41' title='bbox 1638 699 1839 738; x_wconf 83' lang='lat' dir='ltr'>reverte-</span> 
     </span>
     <span class='ocr_line' id='line_1_7' title="bbox 436 766 1840 830; baseline 0.003 -20"><span class='ocrx_word' id='word_1_42' title='bbox 436 776 562 812; x_wconf 80' lang='lat' dir='ltr'><strong>retur</strong></span> <span class='ocrx_word' id='word_1_43' title='bbox 583 782 724 830; x_wconf 88' lang='lat' dir='ltr'>super</span> <span class='ocrx_word' id='word_1_44' title='bbox 747 766 970 812; x_wconf 82' lang='lat' dir='ltr'><strong>bacillum</strong></span> <span class='ocrx_word' id='word_1_45' title='bbox 997 774 1299 823; x_wconf 87' lang='lat' dir='ltr'>sustentatus,</span> <span class='ocrx_word' id='word_1_46' title='bbox 1326 766 1372 812; x_wconf 87' lang='lat' dir='ltr'>in</span> <span class='ocrx_word' id='word_1_47' title='bbox 1396 766 1553 813; x_wconf 90' lang='lat' dir='ltr'>medio</span> <span class='ocrx_word' id='word_1_48' title='bbox 1575 766 1700 814; x_wconf 88' lang='lat' dir='ltr'>beati</span> <span class='ocrx_word' id='word_1_49' title='bbox 1722 783 1840 814; x_wconf 89' lang='lat' dir='ltr'>con-</span> 
     </span>
     <span class='ocr_line' id='line_1_8' title="bbox 435 841 1840 907; baseline 0.001 -19"><span class='ocrx_word' id='word_1_50' title='bbox 435 843 618 890; x_wconf 78' lang='lat' dir='ltr'>fessoris</span> <span class='ocrx_word' id='word_1_51' title='bbox 651 844 804 902; x_wconf 87' lang='lat' dir='ltr'>atrio,</span> <span class='ocrx_word' id='word_1_52' title='bbox 844 843 1008 890; x_wconf 89' lang='lat' dir='ltr'>erectis</span> <span class='ocrx_word' id='word_1_53' title='bbox 1039 841 1254 901; x_wconf 90' lang='lat' dir='ltr'>auribus,</span> <span class='ocrx_word' id='word_1_54' title='bbox 1293 843 1537 907; x_wconf 89' lang='lat' dir='ltr'>oculisque</span> <span class='ocrx_word' id='word_1_55' title='bbox 1573 843 1635 892; x_wconf 90' lang='lat' dir='ltr'>ad</span> <span class='ocrx_word' id='word_1_56' title='bbox 1668 843 1840 891; x_wconf 89' lang='lat' dir='ltr'>coelum</span> 
     </span>
     <span class='ocr_line' id='line_1_9' title="bbox 433 918 1841 977; baseline 0.002 -12"><span class='ocrx_word' id='word_1_57' title='bbox 433 919 693 966; x_wconf 79' lang='lat' dir='ltr'>diutissime</span> <span class='ocrx_word' id='word_1_58' title='bbox 724 920 937 977; x_wconf 89' lang='lat' dir='ltr'>attentis,</span> <span class='ocrx_word' id='word_1_59' title='bbox 963 920 1086 965; x_wconf 91' lang='lat' dir='ltr'>stetit</span> <span class='ocrx_word' id='word_1_60' title='bbox 1119 918 1406 966; x_wconf 85' lang='lat' dir='ltr'>immobilis:</span> <span class='ocrx_word' id='word_1_61' title='bbox 1436 920 1609 967; x_wconf 91' lang='lat' dir='ltr'>deinde</span> <span class='ocrx_word' id='word_1_62' title='bbox 1631 930 1789 967; x_wconf 91' lang='lat' dir='ltr'>motus</span> <span class='ocrx_word' id='word_1_63' title='bbox 1812 937 1841 968; x_wconf 93' lang='lat' dir='ltr'>a</span> 
     </span>
     <span class='ocr_line' id='line_1_10' title="bbox 433 996 1836 1062; baseline 0.001 -20"><span class='ocrx_word' id='word_1_64' title='bbox 433 996 559 1055; x_wconf 88' lang='lat' dir='ltr'>loco,</span> <span class='ocrx_word' id='word_1_65' title='bbox 583 997 726 1061; x_wconf 88' lang='lat' dir='ltr'>coepit</span> <span class='ocrx_word' id='word_1_66' title='bbox 744 997 856 1043; x_wconf 88' lang='lat' dir='ltr'>dare</span> <span class='ocrx_word' id='word_1_67' title='bbox 878 997 1076 1059; x_wconf 87' lang='lat' dir='ltr'>gemitus</span> <span class='ocrx_word' id='word_1_68' title='bbox 1095 1012 1150 1043; x_wconf 89' lang='lat' dir='ltr'>ac</span> <span class='ocrx_word' id='word_1_69' title='bbox 1172 997 1368 1061; x_wconf 86' lang='lat' dir='ltr'>suspiria</span> <span class='ocrx_word' id='word_1_70' title='bbox 1389 997 1530 1060; x_wconf 88' lang='lat' dir='ltr'>longa</span> <span class='ocrx_word' id='word_1_71' title='bbox 1555 996 1836 1062; x_wconf 85' lang='lat' dir='ltr'>producere.</span> 
     </span>
     <span class='ocr_line' id='line_1_11' title="bbox 434 1073 1838 1138; baseline 0.001 -19"><span class='ocrx_word' id='word_1_72' title='bbox 434 1076 843 1137; x_wconf 74' lang='lat' dir='ltr'>Interrogatusque</span> <span class='ocrx_word' id='word_1_73' title='bbox 870 1089 897 1120; x_wconf 89' lang='lat' dir='ltr'>a</span> <span class='ocrx_word' id='word_1_74' title='bbox 931 1073 1026 1120; x_wconf 87' lang='lat' dir='ltr'>suis</span> <span class='ocrx_word' id='word_1_75' title='bbox 1048 1073 1162 1136; x_wconf 90' lang='lat' dir='ltr'>quid</span> <span class='ocrx_word' id='word_1_76' title='bbox 1186 1073 1279 1120; x_wconf 87' lang='lat' dir='ltr'>hoc</span> <span class='ocrx_word' id='word_1_77' title='bbox 1313 1084 1450 1133; x_wconf 90' lang='lat' dir='ltr'>esset,</span> <span class='ocrx_word' id='word_1_78' title='bbox 1477 1083 1558 1121; x_wconf 88' lang='lat' dir='ltr'>aut</span> <span class='ocrx_word' id='word_1_79' title='bbox 1589 1074 1627 1121; x_wconf 90' lang='lat' dir='ltr'>si</span> <span class='ocrx_word' id='word_1_80' title='bbox 1658 1073 1838 1138; x_wconf 88' lang='lat' dir='ltr'>aliquid</span> 
     </span>
     <span class='ocr_line' id='line_1_12' title="bbox 430 1150 1838 1214; baseline 0.002 -18"><span class='ocrx_word' id='word_1_81' title='bbox 430 1150 646 1196; x_wconf 89' lang='lat' dir='ltr'>divinum</span> <span class='ocrx_word' id='word_1_82' title='bbox 678 1151 833 1197; x_wconf 87' lang='lat' dir='ltr'>suisset</span> <span class='ocrx_word' id='word_1_83' title='bbox 859 1150 1052 1196; x_wconf 88' lang='lat' dir='ltr'>intuitus</span> <span class='ocrx_word' id='word_1_84' title='bbox 1083 1160 1323 1197; x_wconf 78' lang='lat' dir='ltr'>enarraret</span> <span class='ocrx_word' id='word_1_85' title='bbox 1343 1187 1354 1208; x_wconf 92' lang='lat'>,</span> <span class='ocrx_word' id='word_1_86' title='bbox 1385 1150 1627 1214; x_wconf 88' lang='lat' dir='ltr'>respondit</span> <span class='ocrx_word' id='word_1_87' title='bbox 1656 1169 1666 1197; x_wconf 91' lang='lat'><strong>:</strong></span> <span class='ocrx_word' id='word_1_88' title='bbox 1708 1171 1730 1194; x_wconf 77' lang='grc' dir='ltr'>α</span> <span class='ocrx_word' id='word_1_89' title='bbox 1759 1153 1838 1198; x_wconf 88' lang='lat' dir='ltr'>Vae</span> 
     </span>
     <span class='ocr_line' id='line_1_13' title="bbox 428 1227 1835 1291; baseline 0.001 -18"><span class='ocrx_word' id='word_1_90' title='bbox 428 1227 568 1274; x_wconf 89' lang='lat' dir='ltr'>nobis</span> <span class='ocrx_word' id='word_1_91' title='bbox 586 1228 813 1274; x_wconf 88' lang='lat' dir='ltr'>inertibus</span> <span class='ocrx_word' id='word_1_92' title='bbox 838 1237 885 1273; x_wconf 93' lang='lat' dir='ltr'>et</span> <span class='ocrx_word' id='word_1_93' title='bbox 908 1227 1067 1291; x_wconf 87' lang='lat' dir='ltr'>pigris.</span> <span class='ocrx_word' id='word_1_94' title='bbox 1105 1230 1224 1273; x_wconf 89' lang='lat' dir='ltr'>Ecce</span> <span class='ocrx_word' id='word_1_95' title='bbox 1244 1227 1340 1289; x_wconf 87' lang='lat' dir='ltr'>jam</span> <span class='ocrx_word' id='word_1_96' title='bbox 1368 1227 1417 1273; x_wconf 90' lang='lat' dir='ltr'>in</span> <span class='ocrx_word' id='word_1_97' title='bbox 1442 1227 1562 1274; x_wconf 90' lang='lat' dir='ltr'>coelo</span> <span class='ocrx_word' id='word_1_98' title='bbox 1587 1228 1835 1275; x_wconf 87' lang='lat' dir='ltr'>missarum</span> 
     </span>
     <span class='ocr_line' id='line_1_14' title="bbox 426 1304 1835 1369; baseline 0.001 -18"><span class='ocrx_word' id='word_1_99' title='bbox 426 1304 655 1351; x_wconf 86' lang='lat' dir='ltr'>solemnia</span> <span class='ocrx_word' id='word_1_100' title='bbox 691 1304 1027 1369; x_wconf 85' lang='lat' dir='ltr'>expediuntur,</span> <span class='ocrx_word' id='word_1_101' title='bbox 1070 1313 1115 1350; x_wconf 92' lang='lat' dir='ltr'>et</span> <span class='ocrx_word' id='word_1_102' title='bbox 1156 1320 1243 1350; x_wconf 87' lang='lat' dir='ltr'>nos</span> <span class='ocrx_word' id='word_1_103' title='bbox 1279 1321 1444 1367; x_wconf 87' lang='lat' dir='ltr'>segnes</span> <span class='ocrx_word' id='word_1_104' title='bbox 1487 1321 1576 1352; x_wconf 91' lang='lat' dir='ltr'>nec</span> <span class='ocrx_word' id='word_1_105' title='bbox 1610 1304 1835 1354; x_wconf 88' lang='lat' dir='ltr'>inchoare</span> 
     </span>
     <span class='ocr_line' id='line_1_15' title="bbox 426 1380 1831 1444; baseline 0.001 -17"><span class='ocrx_word' id='word_1_106' title='bbox 426 1382 655 1444; x_wconf 85' lang='lat' dir='ltr'>coepimus</span> <span class='ocrx_word' id='word_1_107' title='bbox 684 1381 822 1444; x_wconf 89' lang='lat' dir='ltr'>hujus</span> <span class='ocrx_word' id='word_1_108' title='bbox 858 1380 1063 1443; x_wconf 82' lang='lat' dir='ltr'>mysterii</span> <span class='ocrx_word' id='word_1_109' title='bbox 1095 1390 1458 1427; x_wconf 87' lang='lat' dir='ltr'>sacramentum.</span> <span class='ocrx_word' id='word_1_110' title='bbox 1487 1383 1626 1440; x_wconf 88' lang='lat' dir='ltr'>Vere,</span> <span class='ocrx_word' id='word_1_111' title='bbox 1661 1381 1831 1444; x_wconf 92' lang='lat' dir='ltr'>inquit,</span> 
     </span>
     <span class='ocr_line' id='line_1_16' title="bbox 426 1457 1830 1522; baseline 0.001 -19"><span class='ocrx_word' id='word_1_112' title='bbox 426 1457 534 1504; x_wconf 91' lang='lat' dir='ltr'>dico</span> <span class='ocrx_word' id='word_1_113' title='bbox 553 1458 707 1517; x_wconf 90' lang='lat' dir='ltr'>vobis,</span> <span class='ocrx_word' id='word_1_114' title='bbox 730 1457 861 1522; x_wconf 89' lang='lat' dir='ltr'>quod</span> <span class='ocrx_word' id='word_1_115' title='bbox 881 1474 967 1520; x_wconf 88' lang='lat' dir='ltr'>ego</span> <span class='ocrx_word' id='word_1_116' title='bbox 991 1457 1150 1504; x_wconf 91' lang='lat' dir='ltr'>audivi</span> <span class='ocrx_word' id='word_1_117' title='bbox 1168 1473 1304 1503; x_wconf 88' lang='lat' dir='ltr'>voces</span> <span class='ocrx_word' id='word_1_118' title='bbox 1326 1458 1604 1521; x_wconf 86' lang='lat' dir='ltr'>angelorum</span> <span class='ocrx_word' id='word_1_119' title='bbox 1619 1459 1668 1505; x_wconf 92' lang='lat' dir='ltr'>in</span> <span class='ocrx_word' id='word_1_120' title='bbox 1685 1457 1830 1516; x_wconf 89' lang='lat' dir='ltr'>coelis,</span> 
     </span>
     <span class='ocr_line' id='line_1_17' title="bbox 425 1533 1833 1598; baseline 0.001 -18"><span class='ocrx_word' id='word_1_121' title='bbox 425 1537 642 1593; x_wconf 88' lang='lat' dir='ltr'>Sanctus,</span> <span class='ocrx_word' id='word_1_122' title='bbox 670 1537 867 1582; x_wconf 90' lang='lat' dir='ltr'>Sanctus</span> <span class='ocrx_word' id='word_1_123' title='bbox 891 1535 940 1581; x_wconf 88' lang='lat' dir='ltr'>in</span> <span class='ocrx_word' id='word_1_124' title='bbox 961 1533 1099 1581; x_wconf 90' lang='lat' dir='ltr'>laude</span> <span class='ocrx_word' id='word_1_125' title='bbox 1117 1534 1308 1580; x_wconf 89' lang='lat' dir='ltr'>Domini</span> <span class='ocrx_word' id='word_1_126' title='bbox 1336 1535 1699 1598; x_wconf 87' lang='lat' dir='ltr'>proclamantes.</span> <span class='ocrx_word' id='word_1_127' title='bbox 1725 1553 1749 1580; x_wconf 92' lang='lat'>»</span> <span class='ocrx_word' id='word_1_128' title='bbox 1776 1538 1833 1581; x_wconf 92' lang='lat' dir='ltr'>Et</span> 
     </span>
     <span class='ocr_line' id='line_1_18' title="bbox 424 1611 1832 1676; baseline 0.002 -19"><span class='ocrx_word' id='word_1_129' title='bbox 424 1611 553 1658; x_wconf 87' lang='lat' dir='ltr'>dicto</span> <span class='ocrx_word' id='word_1_130' title='bbox 584 1613 720 1659; x_wconf 89' lang='lat' dir='ltr'>citius</span> <span class='ocrx_word' id='word_1_131' title='bbox 755 1613 803 1658; x_wconf 92' lang='lat' dir='ltr'>in</span> <span class='ocrx_word' id='word_1_132' title='bbox 839 1612 1124 1659; x_wconf 87' lang='lat' dir='ltr'>monasterio</span> <span class='ocrx_word' id='word_1_133' title='bbox 1149 1611 1397 1658; x_wconf 88' lang='lat' dir='ltr'>missarum</span> <span class='ocrx_word' id='word_1_134' title='bbox 1433 1611 1666 1660; x_wconf 90' lang='lat' dir='ltr'>solemnia</span> <span class='ocrx_word' id='word_1_135' title='bbox 1694 1612 1832 1676; x_wconf 88' lang='lat' dir='ltr'>jussit</span> 
     </span>
     <span class='ocr_line' id='line_1_19' title="bbox 423 1687 1831 1753; baseline 0.001 -19"><span class='ocrx_word' id='word_1_136' title='bbox 423 1688 614 1752; x_wconf 84' lang='lat' dir='ltr'>expleri.</span> <span class='ocrx_word' id='word_1_137' title='bbox 641 1688 733 1736; x_wconf 91' lang='lat' dir='ltr'>Sed</span> <span class='ocrx_word' id='word_1_138' title='bbox 758 1705 844 1736; x_wconf 93' lang='lat' dir='ltr'>nec</span> <span class='ocrx_word' id='word_1_139' title='bbox 867 1688 982 1735; x_wconf 87' lang='lat' dir='ltr'>illud</span> <span class='ocrx_word' id='word_1_140' title='bbox 1015 1687 1288 1752; x_wconf 80' lang='lat' dir='ltr'>praeteribo,</span> <span class='ocrx_word' id='word_1_141' title='bbox 1326 1688 1458 1752; x_wconf 90' lang='lat' dir='ltr'>quod</span> <span class='ocrx_word' id='word_1_142' title='bbox 1493 1688 1701 1753; x_wconf 87' lang='lat' dir='ltr'>quadam</span> <span class='ocrx_word' id='word_1_143' title='bbox 1731 1689 1831 1737; x_wconf 87' lang='lat' dir='ltr'>vice</span> 
     </span>
     <span class='ocr_line' id='line_1_20' title="bbox 422 1759 1828 1830; baseline 0.001 -18"><span class='ocrx_word' id='word_1_144' title='bbox 422 1766 537 1812; x_wconf 87' lang='lat' dir='ltr'>dum</span> <span class='ocrx_word' id='word_1_145' title='bbox 555 1766 686 1828; x_wconf 85' lang='lat' dir='ltr'>juxta</span> <span class='ocrx_word' id='word_1_146' title='bbox 711 1765 1122 1823; x_wconf 89' lang='lat' dir='ltr'>consuetudinem,</span> <span class='ocrx_word' id='word_1_147' title='bbox 1149 1774 1199 1812; x_wconf 93' lang='lat' dir='ltr'>ut</span> <span class='ocrx_word' id='word_1_148' title='bbox 1221 1759 1362 1830; x_wconf 82' lang='lat' dir='ltr'>supra</span> <span class='ocrx_word' id='word_1_149' title='bbox 1381 1766 1601 1827; x_wconf 86' lang='lat' dir='ltr'>diximus,</span> <span class='ocrx_word' id='word_1_150' title='bbox 1624 1765 1683 1813; x_wconf 89' lang='lat' dir='ltr'>de</span> <span class='ocrx_word' id='word_1_151' title='bbox 1704 1764 1828 1814; x_wconf 90' lang='lat' dir='ltr'>basi-</span> 
     </span>
     <span class='ocr_line' id='line_1_21' title="bbox 421 1840 1827 1907; baseline 0.001 -20"><span class='ocrx_word' id='word_1_152' title='bbox 421 1842 522 1889; x_wconf 90' lang='lat' dir='ltr'>licis</span> <span class='ocrx_word' id='word_1_153' title='bbox 543 1858 658 1906; x_wconf 90' lang='lat' dir='ltr'>quas</span> <span class='ocrx_word' id='word_1_154' title='bbox 684 1842 910 1889; x_wconf 85' lang='lat' dir='ltr'>orationis</span> <span class='ocrx_word' id='word_1_155' title='bbox 930 1841 1073 1905; x_wconf 81' lang='lat' dir='ltr'>gratia</span> <span class='ocrx_word' id='word_1_156' title='bbox 1100 1840 1279 1887; x_wconf 88' lang='lat' dir='ltr'>adierat</span> <span class='ocrx_word' id='word_1_157' title='bbox 1302 1842 1565 1907; x_wconf 88' lang='lat' dir='ltr'>repedaret,</span> <span class='ocrx_word' id='word_1_158' title='bbox 1594 1852 1640 1889; x_wconf 89' lang='lat' dir='ltr'>et</span> <span class='ocrx_word' id='word_1_159' title='bbox 1668 1842 1716 1888; x_wconf 89' lang='lat' dir='ltr'>in</span> <span class='ocrx_word' id='word_1_160' title='bbox 1740 1841 1827 1890; x_wconf 92' lang='lat' dir='ltr'>ba-</span> 
     </span>
     <span class='ocr_line' id='line_1_22' title="bbox 419 1917 1827 1966; baseline 0.001 -2"><span class='ocrx_word' id='word_1_161' title='bbox 419 1918 548 1966; x_wconf 88' lang='lat' dir='ltr'>silica</span> <span class='ocrx_word' id='word_1_162' title='bbox 567 1920 628 1966; x_wconf 90' lang='lat' dir='ltr'>ad</span> <span class='ocrx_word' id='word_1_163' title='bbox 649 1919 810 1966; x_wconf 90' lang='lat' dir='ltr'>missas</span> <span class='ocrx_word' id='word_1_164' title='bbox 834 1919 1085 1965; x_wconf 87' lang='lat' dir='ltr'>dominicae</span> <span class='ocrx_word' id='word_1_165' title='bbox 1110 1918 1335 1965; x_wconf 89' lang='lat' dir='ltr'>orationis</span> <span class='ocrx_word' id='word_1_166' title='bbox 1358 1918 1502 1966; x_wconf 90' lang='lat' dir='ltr'>verba</span> <span class='ocrx_word' id='word_1_167' title='bbox 1523 1917 1827 1966; x_wconf 72' lang='lat' dir='ltr'>decantaren-</span> 
     </span>
     <span class='ocr_line' id='line_1_23' title="bbox 420 1986 1827 2056; baseline 0.001 -15"><span class='ocrx_word' id='word_1_168' title='bbox 420 2005 512 2055; x_wconf 91' lang='lat' dir='ltr'>tur,</span> <span class='ocrx_word' id='word_1_169' title='bbox 542 2013 650 2042; x_wconf 90' lang='lat' dir='ltr'>cum</span> <span class='ocrx_word' id='word_1_170' title='bbox 678 1996 741 2042; x_wconf 90' lang='lat' dir='ltr'>illi</span> <span class='ocrx_word' id='word_1_171' title='bbox 766 1986 1015 2042; x_wconf 83' lang='lat' dir='ltr'>dixerunt:</span> <span class='ocrx_word' id='word_1_172' title='bbox 1040 2015 1061 2040; x_wconf 90' lang='lat'>«</span> <span class='ocrx_word' id='word_1_173' title='bbox 1089 1995 1250 2041; x_wconf 82' lang='lat' dir='ltr'>Libera</span> <span class='ocrx_word' id='word_1_174' title='bbox 1277 2012 1366 2042; x_wconf 91' lang='lat' dir='ltr'>nos</span> <span class='ocrx_word' id='word_1_175' title='bbox 1385 2012 1410 2042; x_wconf 88' lang='lat' dir='ltr'>a</span> <span class='ocrx_word' id='word_1_176' title='bbox 1434 1996 1577 2056; x_wconf 88' lang='lat' dir='ltr'>malo,</span> <span class='ocrx_word' id='word_1_177' title='bbox 1603 2015 1623 2039; x_wconf 76' lang='grc' dir='ltr'><strong>υ</strong></span> <span class='ocrx_word' id='word_1_178' title='bbox 1649 1995 1827 2043; x_wconf 89' lang='lat' dir='ltr'>audivit</span> 
     </span>
     <span class='ocr_line' id='line_1_24' title="bbox 418 2071 1826 2135; baseline 0.001 -18"><span class='ocrx_word' id='word_1_179' title='bbox 418 2088 444 2118; x_wconf 91' lang='lat' dir='ltr'>e</span> <span class='ocrx_word' id='word_1_180' title='bbox 469 2072 652 2118; x_wconf 81' lang='lat' dir='ltr'>tumulo</span> <span class='ocrx_word' id='word_1_181' title='bbox 676 2073 920 2135; x_wconf 86' lang='lat' dir='ltr'>cujusdam</span> <span class='ocrx_word' id='word_1_182' title='bbox 946 2089 1111 2118; x_wconf 88' lang='lat' dir='ltr'>vocem</span> <span class='ocrx_word' id='word_1_183' title='bbox 1141 2071 1375 2118; x_wconf 87' lang='lat' dir='ltr'>dicentem</span> <span class='ocrx_word' id='word_1_184' title='bbox 1399 2071 1632 2119; x_wconf 90' lang='lat' dir='ltr'>similiter:</span> <span class='ocrx_word' id='word_1_185' title='bbox 1659 2071 1826 2119; x_wconf 90' lang='lat' dir='ltr'>Libera</span> 
     </span>
     <span class='ocr_line' id='line_1_25' title="bbox 418 2149 1823 2213; baseline 0.001 -19"><span class='ocrx_word' id='word_1_186' title='bbox 418 2165 506 2196; x_wconf 90' lang='lat' dir='ltr'>nos</span> <span class='ocrx_word' id='word_1_187' title='bbox 531 2165 556 2195; x_wconf 87' lang='lat' dir='ltr'>a</span> <span class='ocrx_word' id='word_1_188' title='bbox 582 2149 724 2196; x_wconf 88' lang='lat' dir='ltr'>malo.</span> <span class='ocrx_word' id='word_1_189' title='bbox 752 2150 894 2207; x_wconf 84' lang='lat' dir='ltr'>Quod</span> <span class='ocrx_word' id='word_1_190' title='bbox 930 2166 1026 2196; x_wconf 91' lang='lat' dir='ltr'>non</span> <span class='ocrx_word' id='word_1_191' title='bbox 1065 2150 1164 2196; x_wconf 85' lang='lat' dir='ltr'>sine</span> <span class='ocrx_word' id='word_1_192' title='bbox 1196 2149 1495 2213; x_wconf 85' lang='lat' dir='ltr'>perfectionis</span> <span class='ocrx_word' id='word_1_193' title='bbox 1518 2150 1687 2196; x_wconf 88' lang='lat' dir='ltr'>merito</span> <span class='ocrx_word' id='word_1_194' title='bbox 1710 2166 1823 2197; x_wconf 92' lang='lat' dir='ltr'>cen-</span> 
     </span>
     <span class='ocr_line' id='line_1_26' title="bbox 416 2226 1826 2274; baseline 0.002 -3"><span class='ocrx_word' id='word_1_195' title='bbox 416 2235 543 2272; x_wconf 84' lang='lat' dir='ltr'>setur</span> <span class='ocrx_word' id='word_1_196' title='bbox 578 2236 629 2272; x_wconf 89' lang='lat' dir='ltr'>ut</span> <span class='ocrx_word' id='word_1_197' title='bbox 667 2226 764 2272; x_wconf 79' lang='lat' dir='ltr'>liaec</span> <span class='ocrx_word' id='word_1_198' title='bbox 811 2227 1055 2273; x_wconf 88' lang='lat' dir='ltr'>meruisset</span> <span class='ocrx_word' id='word_1_199' title='bbox 1092 2226 1273 2273; x_wconf 89' lang='lat' dir='ltr'>audire.</span> <span class='ocrx_word' id='word_1_200' title='bbox 1311 2226 1402 2273; x_wconf 89' lang='lat' dir='ltr'>Sed</span> <span class='ocrx_word' id='word_1_201' title='bbox 1441 2236 1488 2273; x_wconf 92' lang='lat' dir='ltr'>et</span> <span class='ocrx_word' id='word_1_202' title='bbox 1529 2226 1586 2273; x_wconf 94' lang='lat' dir='ltr'>ad</span> <span class='ocrx_word' id='word_1_203' title='bbox 1626 2227 1826 2274; x_wconf 86' lang='lat' dir='ltr'>Passivi¹</span> 
     </span>
     <span class='ocr_line' id='line_1_27' title="bbox 417 2302 1826 2367; baseline 0.002 -19"><span class='ocrx_word' id='word_1_204' title='bbox 417 2302 675 2367; x_wconf 85' lang='lat' dir='ltr'>presbyteri</span> <span class='ocrx_word' id='word_1_205' title='bbox 701 2302 936 2350; x_wconf 88' lang='lat' dir='ltr'>tumulum</span> <span class='ocrx_word' id='word_1_206' title='bbox 961 2304 1171 2365; x_wconf 88' lang='lat' dir='ltr'>veniens,</span> <span class='ocrx_word' id='word_1_207' title='bbox 1198 2314 1243 2351; x_wconf 89' lang='lat' dir='ltr'>et</span> <span class='ocrx_word' id='word_1_208' title='bbox 1266 2303 1539 2367; x_wconf 86' lang='lat' dir='ltr'>qualitatem</span> <span class='ocrx_word' id='word_1_209' title='bbox 1557 2303 1657 2367; x_wconf 87' lang='lat' dir='ltr'>ejus</span> <span class='ocrx_word' id='word_1_210' title='bbox 1673 2304 1826 2351; x_wconf 88' lang='lat' dir='ltr'>meriti</span> 
     </span>
    </p>
   </div>
   <div class='ocr_carea' id='block_1_3' title="bbox 414 2379 1821 2522">
    <p class='ocr_par' dir='ltr' id='par_1_3' title="bbox 414 2379 1821 2522">
     <span class='ocr_line' id='line_1_28' title="bbox 414 2379 1675 2446; baseline 0 -20"><span class='ocrx_word' id='word_1_211' title='bbox 414 2389 461 2425; x_wconf 90' lang='lat' dir='ltr'>et</span> <span class='ocrx_word' id='word_1_212' title='bbox 485 2381 795 2444; x_wconf 87' lang='lat' dir='ltr'>quantitatem</span> <span class='ocrx_word' id='word_1_213' title='bbox 818 2381 1059 2445; x_wconf 80' lang='lat' dir='ltr'>refrigerii,</span> <span class='ocrx_word' id='word_1_214' title='bbox 1084 2382 1188 2446; x_wconf 90' lang='lat' dir='ltr'>ipso</span> <span class='ocrx_word' id='word_1_215' title='bbox 1211 2381 1414 2428; x_wconf 90' lang='lat' dir='ltr'>docente</span> <span class='ocrx_word' id='word_1_216' title='bbox 1434 2379 1675 2444; x_wconf 88' lang='lat' dir='ltr'>cognovit.</span> 
     </span>
     <span class='ocr_line' id='line_1_29' title="bbox 479 2457 1821 2522; baseline 0.001 -19"><span class='ocrx_word' id='word_1_217' title='bbox 479 2459 526 2504; x_wconf 88' lang='lat'>3.</span> <span class='ocrx_word' id='word_1_218' title='bbox 558 2460 615 2503; x_wconf 91' lang='lat' dir='ltr'>Et</span> <span class='ocrx_word' id='word_1_219' title='bbox 637 2457 742 2504; x_wconf 89' lang='lat' dir='ltr'>licet</span> <span class='ocrx_word' id='word_1_220' title='bbox 768 2458 867 2506; x_wconf 87' lang='lat' dir='ltr'>haec</span> <span class='ocrx_word' id='word_1_221' title='bbox 893 2474 1062 2522; x_wconf 86' lang='lat' dir='ltr'>magna</span> <span class='ocrx_word' id='word_1_222' title='bbox 1081 2458 1190 2516; x_wconf 87' lang='lat' dir='ltr'>sint,</span> <span class='ocrx_word' id='word_1_223' title='bbox 1217 2457 1278 2503; x_wconf 90' lang='lat' dir='ltr'>ad</span> <span class='ocrx_word' id='word_1_224' title='bbox 1299 2457 1428 2504; x_wconf 90' lang='lat' dir='ltr'>illam</span> <span class='ocrx_word' id='word_1_225' title='bbox 1453 2467 1611 2506; x_wconf 84' lang='lat' dir='ltr'>tamen</span> <span class='ocrx_word' id='word_1_226' title='bbox 1639 2457 1821 2505; x_wconf 88' lang='lat' dir='ltr'>sanita-</span> 
     </span>
    </p>
   </div>
   <div class='ocr_carea' id='block_1_4' title="bbox 415 2533 1818 2675">
    <p class='ocr_par' dir='ltr' id='par_1_4' title="bbox 415 2533 1818 2675">
     <span class='ocr_line' id='line_1_30' title="bbox 415 2533 1818 2599; baseline 0.001 -19"><span class='ocrx_word' id='word_1_227' title='bbox 415 2545 515 2580; x_wconf 89' lang='lat' dir='ltr'>tum</span> <span class='ocrx_word' id='word_1_228' title='bbox 528 2535 742 2597; x_wconf 87' lang='lat' dir='ltr'>gratiam,</span> <span class='ocrx_word' id='word_1_229' title='bbox 758 2551 901 2598; x_wconf 89' lang='lat' dir='ltr'>quam</span> <span class='ocrx_word' id='word_1_230' title='bbox 919 2552 1004 2599; x_wconf 90' lang='lat' dir='ltr'>per</span> <span class='ocrx_word' id='word_1_231' title='bbox 1023 2551 1134 2582; x_wconf 92' lang='lat' dir='ltr'>eum</span> <span class='ocrx_word' id='word_1_232' title='bbox 1143 2534 1376 2581; x_wconf 90' lang='lat' dir='ltr'>Dominus</span> <span class='ocrx_word' id='word_1_233' title='bbox 1390 2533 1590 2581; x_wconf 88' lang='lat' dir='ltr'>infirmis</span> <span class='ocrx_word' id='word_1_234' title='bbox 1605 2533 1818 2598; x_wconf 88' lang='lat' dir='ltr'>protulit,</span> 
     </span>
     <span class='ocr_line' id='line_1_31' title="bbox 416 2609 1818 2675; baseline 0.001 -20"><span class='ocrx_word' id='word_1_235' title='bbox 416 2609 529 2657; x_wconf 90' lang='lat' dir='ltr'>libet</span> <span class='ocrx_word' id='word_1_236' title='bbox 557 2611 797 2658; x_wconf 83' lang='lat' dir='ltr'>accedere.</span> <span class='ocrx_word' id='word_1_237' title='bbox 836 2614 941 2658; x_wconf 88' lang='lat' dir='ltr'>Non</span> <span class='ocrx_word' id='word_1_238' title='bbox 975 2612 1102 2658; x_wconf 92' lang='lat' dir='ltr'>enim</span> <span class='ocrx_word' id='word_1_239' title='bbox 1138 2610 1393 2674; x_wconf 86' lang='lat' dir='ltr'>ambigitur</span> <span class='ocrx_word' id='word_1_240' title='bbox 1421 2610 1553 2675; x_wconf 89' lang='lat' dir='ltr'>quod</span> <span class='ocrx_word' id='word_1_241' title='bbox 1582 2626 1668 2675; x_wconf 90' lang='lat' dir='ltr'>per</span> <span class='ocrx_word' id='word_1_242' title='bbox 1689 2627 1818 2669; x_wconf 91' lang='lat' dir='ltr'>eum,</span> 
     </span>
    </p>
   </div>
   <div class='ocr_carea' id='block_1_5' title="bbox 469 2775 1817 2830">
    <p class='ocr_par' dir='ltr' id='par_1_5' title="bbox 469 2775 1817 2830">
     <span class='ocr_line' id='line_1_32' title="bbox 469 2775 1817 2830; baseline 0.004 -18"><span class='ocrx_word' id='word_1_243' title='bbox 469 2775 525 2827; x_wconf 85' lang='lat'>(1)</span> <span class='ocrx_word' id='word_1_244' title='bbox 558 2777 656 2814; x_wconf 88' lang='lat' dir='ltr'>Editi</span> <span class='ocrx_word' id='word_1_245' title='bbox 681 2786 717 2814; x_wconf 89' lang='lat' dir='ltr'>et</span> <span class='ocrx_word' id='word_1_246' title='bbox 742 2778 817 2815; x_wconf 85' lang='lat' dir='ltr'>Mai</span> <span class='ocrx_word' id='word_1_247' title='bbox 847 2791 899 2816; x_wconf 90' lang='lat' dir='ltr'>m.</span> <span class='ocrx_word' id='word_1_248' title='bbox 923 2777 1014 2826; x_wconf 87' lang='lat' dir='ltr'>duo,</span> <span class='ocrx_word' id='word_1_249' title='bbox 1043 2780 1219 2824; x_wconf 77' lang='lat' dir='ltr'>Pccssini;</span> <span class='ocrx_word' id='word_1_250' title='bbox 1239 2782 1325 2817; x_wconf 74' lang='lat' dir='ltr'>Sur.</span> <span class='ocrx_word' id='word_1_251' title='bbox 1349 2786 1386 2816; x_wconf 89' lang='lat' dir='ltr'>et</span> <span class='ocrx_word' id='word_1_252' title='bbox 1406 2778 1525 2822; x_wconf 70' lang='lat' dir='ltr'>Gon„</span> <span class='ocrx_word' id='word_1_253' title='bbox 1545 2778 1712 2816; x_wconf 77' lang='lat' dir='ltr'>Bassini.</span> <span class='ocrx_word' id='word_1_254' title='bbox 1733 2777 1817 2830; x_wconf 88' lang='lat' dir='ltr'><strong>(R.)</strong></span> 
     </span>
    </p>
   </div>
   <div class='ocr_carea' id='block_1_6' title="bbox 2016 3255 2049 3450">
    <p class='ocr_par' dir='ltr' id='par_1_6' title="bbox 2016 3151 2051 3450">
     <span class='ocr_line' id='line_1_33' title="bbox 2016 3255 2049 3450; textangle 90"><span class='ocrx_word' id='word_1_255' title='bbox 2016 3255 2049 3450; x_wconf 35' lang='lat' dir='ltr'>meme-e</span> 
     </span>
    </p>
   </div>
  </div>
 </body>
</html>
