2054 3450
402 352 475 387 104
761 349 827 384 DE
856 347 1041 383 GLORtA
1069 347 1436 383 CONFESSORUM.

398 452 632 500 appensus
657 435 841 481 relictus
867 444 951 480 est.
986 433 1127 490 Quod
1157 450 1266 479 cum
1287 433 1509 480 monachi
1537 435 1801 498 praesensis-

398 522 517 569 sent,
555 511 693 558 simul
719 511 915 576 projecti
941 510 998 556 ad
1032 509 1265 556 tumulum
1299 510 1463 568 sancti,
1491 527 1626 556 orare
1649 527 1801 575 coepe-

402 599 526 648 runt,
548 589 755 635 dicentes
775 608 785 634 :
809 591 885 634 «O
905 597 1064 634 sancte
1086 587 1343 640 confessor,
1370 587 1407 632 si
1425 586 1509 632 tibi
1529 588 1625 634 vita
1647 604 1802 651 super·

397 675 486 712 stes
511 675 629 712 esset
657 666 703 711 in
731 665 917 722 saecuIO,
948 680 1110 710 eruere
1141 674 1359 728 potueras
1388 663 1517 709 hunc
1546 679 1801 728 pauperem

398 745 456 790 tle
494 760 636 789 manu
672 736 858 800 mortis,
893 743 1008 787 sicut
1044 742 1322 806 plerumque
1350 741 1427 786 tali
1461 740 1690 805 supplicio
1725 741 1804 787 ad-

398 822 547 867 dictos
573 820 801 877 liberasti3
835 819 913 867 sed
939 836 1066 864 nunc
1098 835 1195 864 non
1219 817 1477 864 diffidimus
1507 817 1566 863 de
1591 827 1672 863 tua
1695 833 1802 864 ora·

398 898 543 954 tione,
573 907 621 943 ut
641 896 771 960 quod
797 897 956 942 vivens
976 896 1119 942 fecisti
1139 897 1183 941 in
1203 894 1389 953 saeculo,
1410 895 1561 958 possis
1577 911 1805 942 renovare

399 973 676 1019 sublimatus
695 974 741 1018 in
763 972 902 1019 coelo.
923 991 945 1015 »
976 975 1027 1018 Et
1052 972 1161 1018 data
1185 981 1325 1018 nocte
1344 971 1467 1018 misit
1489 970 1635 1017 abbas
1656 987 1804 1034 usque

399 1050 455 1095 acl
499 1050 692 1095 furcam.
732 1049 989 1096 Accedente
1029 1058 1187 1095 autem
1227 1047 1482 1105 monache,
1519 1049 1674 1094 statim
1711 1047 1805 1094 dis-

401 1127 546 1190 ruptis
582 1126 880 1188 ligaminibus
908 1135 1038 1171 terrae
1066 1126 1283 1189 delapsus
1314 1135 1410 1182 est;
1443 1135 1489 1170 et
1523 1125 1588 1170 sic
1623 1135 1807 1172 susten-

402 1213 523 1250 tatus
554 1219 580 1249 a
612 1202 866 1262 monacho,
895 1204 1057 1248 vivens
1082 1202 1332 1248 adducitur
1361 1202 1420 1248 ad
1446 1202 1803 1259 monasterium,

402 1280 663 1343 haustoque
687 1296 941 1343 parumper
968 1280 1077 1324 vino
1103 1278 1360 1336 convaluit,
1392 1278 1579 1341 vitaque
1601 1294 1628 1324 a
1648 1277 1807 1340 judice

404 1356 614 1411 obtenta,
641 1355 759 1402 liber
784 1354 1015 1402 abscessit.

978 1526 1132 1560 CAPUT
1158 1526 1238 1559 CII.

809 1621 860 1653 De
877 1620 989 1654 Felice
1007 1620 1200 1666 Biturigum
1219 1620 1395 1666 episcopo.

475 1741 580 1784 Post
602 1739 847 1785 transitum
865 1749 1020 1786 autem
1042 1739 1202 1785 Felicis
1220 1739 1430 1802 Biturigi¹
1453 1739 1680 1803 episcopi,
1700 1756 1807 1786 cum

407 1814 466 1860 ad
495 1815 594 1876 ejus
619 1815 878 1871 tumulum,
916 1816 1046 1878 quod
1081 1832 1315 1862 marmore
1348 1816 1642 1879 exsculptum
1676 1817 1808 1863 Pario

407 1908 545 1955 super
566 1901 738 1937 terram
762 1902 861 1938 erat
884 1893 1108 1955 positum,
1131 1909 1279 1938 caecus
1298 1892 1489 1955 quidam
1514 1893 1672 1939 lumen
1701 1909 1811 1939 ocu-

407 1967 559 2012 lorum
579 2004 588 2021 ‚
632 1967 798 2030 fugatis
827 1968 1057 2026 tenebris,
1098 1969 1344 2031 recepisset
1374 1987 1383 2014 :
1421 1969 1811 2033 cognovissetque

408 2043 539 2106 plebs
562 2044 765 2090 amicum
795 2045 907 2100 Dei,
942 2061 1083 2107 quem
1117 2045 1163 2090 in
1197 2061 1398 2108 corpore
1429 2045 1648 2107 positum,
1683 2045 1812 2092 obsi-

407 2119 636 2166 stentibus
673 2121 923 2167 mundanis
957 2120 1258 2184 caliginibus,
1299 2138 1584 2183 cognoscere
1622 2123 1683 2169 ad
1716 2123 1812 2187 plo-

407 2213 522 2242 num
543 2214 638 2242 non
667 2198 852 2257 meruit,
881 2198 1019 2261 coepit
1048 2199 1094 2243 in
1120 2199 1387 2244 orationum
1419 2198 1689 2245 assiduitate
1712 2201 1811 2264 ejus

408 2273 566 2319 limina
591 2284 851 2336 penetrare.
873 2274 962 2320 Sed
986 2276 1228 2337 quoniam,
1254 2284 1304 2320 ut
1324 2274 1542 2334 diximus,
1561 2275 1811 2340 sarcopha-

405 2366 489 2411 gus
519 2366 812 2396 marmoreus
838 2350 991 2396 viliori
1019 2350 1172 2414 lapide
1199 2350 1413 2397 obtectus
1448 2362 1563 2410 erat,
1589 2354 1811 2414 sagacitas

404 2425 593 2482 civium,
629 2436 674 2472 et
707 2427 960 2490 praesertim
996 2428 1221 2491 episcopi,
1257 2428 1435 2474 meliori
1469 2429 1807 2493 sarcophagum

405 2503 647 2564 opertorio
678 2503 804 2561 texit,
836 2502 885 2548 id
917 2514 984 2549 est
1010 2521 1062 2550 ex
1101 2520 1336 2550 marmore
1364 2505 1603 2550 Heracleo.
1642 2509 1808 2552 Amoto

404 2594 515 2640 ergo
555 2578 717 2624 viliore
751 2579 925 2643 lapide,
962 2590 1070 2644 post
1105 2597 1285 2626 annum
1321 2580 1413 2628 fere
1447 2580 1803 2640 duodecimum,

405 2655 687 2700 invenerunt
727 2671 899 2719 corpus
934 2657 1054 2702 beati
1087 2657 1368 2703 confessoris
1401 2654 1475 2703 ita⁴
1499 2657 1718 2719 illaesum,
1758 2668 1808 2705 ut

459 2808 516 2859 (1)
542 2811 717 2858 Biturici,
745 2813 863 2849 2205.
