2054 3450
455 347 531 385 354
969 345 1098 381 VITAE
1123 344 1341 381 PATRUM.

454 444 633 497 parata.
673 435 727 478 At
760 431 840 478 illo
876 431 1072 478 faciente
1109 431 1294 494 signum
1331 430 1482 477 crucis
1520 447 1546 477 e
1583 441 1766 491 contra,
1808 432 1858 478 in

453 510 654 556 modum
677 508 791 554 sumi
809 507 1104 554 ascendentis
1122 506 1312 554 evanuit
1338 523 1348 551 ε
1378 505 1509 569 quod
1538 523 1635 553 non
1659 507 1856 572 ambigi-
1880 551 1883 554 .

453 599 528 636 tur
550 589 704 652 ipsum
731 587 774 633 ei
801 585 985 632 sceleris
1009 584 1271 649 principem
1295 583 1433 630 fuisse
1457 593 1788 631 monstratum.

517 666 563 712 4,
603 666 654 709 In
673 663 862 727 jejuniis
885 671 1042 709 autem
1070 661 1226 722 valde,
1261 670 1311 707 ut
1336 659 1556 718 diximus,
1584 660 1714 707 fortis
1739 671 1854 708 erat.

454 744 568 787 Nam
601 741 778 787 caeteris
801 738 1135 797 reficientibus,
1161 754 1282 803 saepe
1307 738 1424 802 ipse,
1459 747 1678 785 contecto
1703 738 1859 802 capite

450 833 479 865 a
503 816 689 864 cucullo
723 834 784 863 ne
809 825 1140 880 agnosceretur
1167 815 1216 861 in
1239 813 1461 879 publicO,
1489 831 1600 862 cum
1624 831 1722 862 uno
1754 825 1859 862 tan·

451 904 551 940 tum
574 910 723 958 puero
746 903 1019 940 sanctorum
1035 891 1251 939 basilicas
1275 890 1519 938 circuibat.
1544 891 1636 939 Sed
1654 901 1701 939 et
1722 908 1857 940 cura-

448 971 634 1017 tionum
658 971 804 1034 gratia
833 970 942 1017 data
966 979 1036 1016 est
1066 970 1109 1016 ei
1133 985 1161 1016 a
1186 971 1303 1016 Deo.
1336 971 1462 1015 Dum
1497 978 1654 1016 autem
1681 968 1783 1016 haec
1810 968 1860 1016 in

451 1046 548 1103 illo,
582 1057 633 1093 ut
661 1062 803 1112 supra
839 1047 1060 1107 diximus,
1085 1045 1250 1093 habitu
1284 1055 1557 1093 sanctorum
1593 1045 1861 1093 habitacula

449 1124 683 1183 circuiret,
703 1124 764 1172 ad
789 1124 1019 1189 templum
1035 1123 1186 1170 sancti
1205 1123 1446 1170 Maximini
1468 1123 1687 1170 antistitis
1708 1138 1860 1171 acces-

449 1203 534 1263 sit,
581 1204 628 1249 in
663 1203 795 1266 cujus
832 1203 952 1250 atrio
985 1211 1092 1267 post
1129 1201 1298 1249 multas
1332 1201 1730 1249 debacchationes
1767 1211 1860 1248 tres

447 1282 752 1344 energumeni
772 1280 919 1345 pressi
931 1296 1104 1343 sopore
1120 1278 1440 1343 quiescebant,
1464 1295 1756 1342 cernensque
1779 1294 1860 1326 eos

447 1373 617 1404 somno
635 1356 820 1404 deditos
844 1357 950 1404 fecit
967 1357 1153 1424 signum
1169 1356 1321 1404 crucis
1343 1373 1369 1402 e
1389 1365 1557 1403 contra
1576 1373 1587 1402 :
1608 1355 1861 1418 statimque

448 1435 778 1498 expergefacti,
805 1435 1040 1481 elevantes
1061 1434 1109 1480 in
1135 1433 1337 1480 sublime
1363 1449 1517 1492 voces,
1544 1433 1656 1479 dato
1681 1433 1860 1497 impetu

446 1511 507 1557 ad
534 1512 782 1571 vomitum,
819 1511 1065 1558 emundati
1098 1519 1224 1557 sunt.
1252 1512 1371 1557 Cum
1397 1520 1556 1558 autem
1583 1509 1685 1556 lues
1707 1509 1860 1574 ingui-

448 1588 578 1634 naria
607 1588 902 1635 Trevericum
935 1586 1168 1652 populum
1192 1588 1240 1634 in
1267 1587 1466 1634 circuitu
1491 1587 1689 1634 civitatis
1725 1586 1861 1633 valde

449 1674 666 1723 vastaret,
688 1674 734 1711 et
747 1664 968 1712 sacerdos
987 1665 1074 1711 Dei
1095 1681 1182 1729 pro
1203 1664 1372 1712 ovibus
1387 1663 1650 1711 commissis
1666 1663 1862 1710 Domini.

448 1740 819 1788 misericordiam
841 1740 1118 1806 imploraret
1138 1741 1342 1803 assidue,
1370 1741 1519 1789 factus
1538 1750 1609 1788 est
1633 1756 1780 1787 sonus
1801 1740 1861 1788 de

448 1824 584 1861 nocte
607 1831 820 1877 magnus,
847 1825 1071 1879 tanquam
1089 1817 1317 1863 tonitrum
1341 1815 1570 1873 validum,
1592 1832 1734 1880 super
1746 1831 1863 1879 pon-

448 1900 544 1937 tem
584 1892 736 1938 amnis
752 1929 765 1952 ,
810 1892 874 1938 ita
913 1902 962 1938 ut
1002 1902 1247 1956 putaretur
1283 1891 1397 1939 urbs
1445 1892 1547 1956 ipsa
1597 1891 1857 1938 dehiscere.

447 1970 662 2032 Cumque
688 1968 843 2014 omnis
876 1967 1082 2032 populus
1105 1970 1354 2016 exterritus
1378 1970 1427 2016 in
1449 1968 1630 2016 lectulis
1651 1968 1860 2016 resedis-

447 2054 533 2104 set,
561 2043 830 2091 lethiferum
853 2044 943 2091 sibi
966 2045 1209 2091 interitum
1232 2047 1502 2110 opperiens,
1531 2045 1690 2092 audita
1716 2054 1785 2093 est
1810 2045 1859 2092 in

449 2120 606 2167 medio
630 2122 835 2168 rumoris
858 2132 959 2168 vox
991 2137 1088 2168 una
1106 2123 1284 2169 caeteris
1307 2122 1496 2183 clarior,
1523 2122 1686 2169 dicens
1713 2132 1725 2168 ἐ
1758 2141 1779 2167 «
1802 2124 1861 2168 Et

446 2196 562 2260 quid
582 2197 677 2258 hic,
706 2215 735 2244 o
761 2198 901 2257 socii,
944 2198 1197 2245 faciemus?
1223 2199 1291 2246 Ad
1327 2216 1474 2247 unam
1505 2199 1634 2246 enim
1673 2208 1859 2263 portam

446 2273 705 2320 Eucharius
743 2274 962 2321 sacerdos
1001 2274 1247 2337 observat,
1292 2276 1354 2324 ad
1392 2277 1533 2324 aliam
1578 2276 1861 2323 Maximinus

447 2349 670 2409 excubat,
709 2351 757 2396 in
797 2350 956 2397 medio
993 2362 1204 2399 versatur
1226 2352 1455 2414 Nicetius3
1487 2352 1607 2400 nihil
1632 2352 1710 2399 hic
1736 2352 1859 2400 ultra

449 2427 696 2490 praevalere
717 2444 984 2491 possumus,
1012 2429 1100 2475 nisi
1123 2430 1333 2476 sinamus
1351 2429 1476 2477 hanc
1502 2429 1668 2477 urbem
1690 2446 1859 2478 eorum

450 2504 651 2552 tuitioni.
682 2523 705 2549 υ
735 2508 832 2552 Hac
869 2522 986 2553 voce
1022 2506 1206 2566 audita,
1242 2508 1399 2555 statim
1433 2506 1631 2555 morbus
1663 2507 1856 2571 quievit,

452 2581 700 2646 nullusque
721 2582 783 2629 ab
805 2599 863 2629 eo
890 2583 1012 2632 ultra
1034 2583 1285 2632 defunctus
1309 2595 1394 2632 est.
1421 2584 1559 2632 Unde
1583 2601 1680 2632 non
1709 2584 1860 2632 ambi—

452 2658 573 2719 gitur
593 2659 760 2706 virtute
781 2661 1037 2708 memorati·
1049 2662 1266 2708 antistitis
1296 2662 1437 2709 fuisse
1459 2662 1720 2709 defensam.
1741 2661 1862 2708 Invi-

453 2742 572 2781 tatus
604 2745 762 2782 autem
801 2736 1014 2800 quodam
1049 2748 1260 2803 tempore
1284 2738 1504 2786 sacerdos
1528 2755 1557 2786 a
1583 2740 1710 2802 rege,
1748 2738 1862 2785 dicit

452 2811 543 2856 suis
567 2830 577 2856 :
612 2831 633 2857 «
663 2813 865 2869 Quaerite
887 2813 1027 2861 nobis
1049 2816 1249 2879 piscium
1272 2815 1625 2863 multitudinem
1642 2816 1690 2862 in
1712 2814 1861 2862 abun-
