2054 3450
437 328 512 365 278
950 321 1079 359 vlTAE
1107 319 1324 360 PATRUM.

436 414 545 472 Dei,
573 427 633 459 ne
658 426 787 458 vanae
810 409 968 474 gloriae
992 407 1100 456 labe
1123 407 1397 468 subrueret,
1419 407 1639 455 arborem
1661 416 1845 471 arrepta

435 490 587 538 securi
634 486 846 536 succidit.
898 489 1167 550 Rursusque
1213 493 1401 531 sanctus
1439 484 1626 532 alterius
1663 483 1846 531 arboris

435 568 624 616 ruinam
660 580 887 623 cernens,
938 579 1043 628 quae
1078 571 1184 610 acta
1220 562 1347 609 venti
1389 555 1611 608 violentia
1649 560 1846 608 floribus

436 646 576 711 plena
610 652 878 702 corruerat,
919 639 1242 688 misericordia
1276 649 1436 686 motus
1464 638 1615 684 oravit
1646 637 1842 685 dicens:

439 741 461 768 «
487 725 554 769 Ne
581 729 757 787 pereat,
789 735 967 783 quaeSO,
995 717 1218 777 Domine,
1248 715 1388 778 liujus
1416 714 1617 762 arbustae
1647 714 1844 775 fructus,

436 811 541 862 quae
566 807 610 845 te
636 797 834 861 jubente
858 795 1031 843 florum
1060 803 1341 842 ornamenta
1370 791 1594 856 produxit
1616 808 1626 838 :
1648 791 1730 837 sed
1761 805 1850 856 po-

435 876 528 923 tius
543 892 570 922 a
589 886 634 922 te
648 875 995 921 incrementum
1010 870 1320 937 reparationis
1334 869 1590 928 indultum,
1611 868 1850 915 fructuum

437 951 634 1016 adipisci
659 960 895 999 mereatur
912 947 1153 997 effectum.
1179 967 1201 992 »
1235 950 1290 994 Et
1315 946 1416 994 haec
1438 945 1626 1004 dicens,
1658 951 1851 1009 accepta

437 1045 618 1087 secure,
645 1035 890 1092 amputata
911 1025 1092 1073 arboris
1115 1024 1355 1084 columna,
1379 1040 1521 1089 super
1543 1019 1725 1070 radices
1747 1036 1852 1085 quae

438 1104 596 1152 adhuc
624 1104 890 1165 haerebant,
919 1103 1192 1150 columnam
1221 1103 1372 1166 ipsam
1407 1102 1454 1147 in
1489 1099 1688 1146 modum
1723 1096 1854 1146 sudis

441 1183 548 1231 fecit
577 1191 790 1242 acutam,
828 1199 1029 1246 eamque
1064 1191 1196 1228 terrae
1224 1179 1398 1227 defixit.
1436 1181 1544 1226 Mox
1575 1177 1725 1240 ligatis
1752 1177 1853 1223 sine

439 1259 598 1308 radice
636 1259 802 1319 ramis,
840 1258 902 1306 ad
935 1258 1182 1323 pristinum
1222 1257 1434 1307 restituta
1471 1263 1673 1314 statum,
1713 1253 1853 1300 flores

440 1337 766 1401 quiarueraut
795 1329 1062 1392 &irum-unt,
1093 1335 1197 1399 ipso
1223 1350 1416 1398 quoque
1440 1348 1568 1379 anno
1587 1331 1687 1377 haec
1710 1328 1853 1376 arbor

441 1414 620 1461 fructus
638 1413 806 1460 cultori
824 1430 911 1460 suo
930 1413 1146 1459 restituit.
1169 1411 1323 1458 Credo
1344 1426 1432 1473 ego
1456 1409 1516 1455 de
1533 1404 1856 1455 misericordia

441 1489 554 1549 Dei,
578 1490 710 1554 quod
740 1490 1022 1560 miraculum
1046 1504 1249 1553 praesens
1273 1487 1425 1550 exegit
1445 1486 1603 1549 loqui,
1633 1483 1743 1549 quia
1768 1481 1855 1531 ob·

441 1568 592 1614 tinere
615 1567 767 1632 potuit
791 1567 869 1614 hic
889 1566 1101 1613 oratione
1118 1581 1203 1612 sua
1219 1566 1364 1611 vitam
1387 1563 1584 1611 mortuis
1602 1579 1628 1609 a
1645 1562 1856 1609 Domino

444 1644 697 1708 impertiri,
723 1644 806 1708 qui
825 1643 1033 1690 obtinuit
1051 1642 1244 1690 arbores
1263 1641 1418 1688 aridas
1439 1641 1487 1688 in
1514 1639 1722 1687 rediviva
1743 1638 1857 1686 viri-

444 1720 590 1769 ditate
617 1709 934 1768 frondescere.

510 1800 559 1847 4.
594 1799 727 1846 Idem
752 1815 861 1846 cum
885 1798 1166 1863 plerumque
1193 1795 1444 1844 transitum
1469 1811 1609 1842 suum
1638 1792 1858 1840 fratribus

446 1876 735 1941 praediceret,
756 1875 965 1940 quadam
986 1875 1063 1922 die
1086 1884 1236 1921 tactus
1253 1890 1280 1921 a
1301 1873 1447 1933 febre,
1471 1871 1583 1919 dicit
1606 1870 1728 1919 suis*':
1754 1874 1859 1918 «lte

445 1952 507 1998 ad
524 1952 720 1999 Felicem
734 1953 1033 2017 episcopum,
1050 1961 1096 1998 et
1111 1952 1325 2021 nuntiate
1342 1950 1385 1996 ei
1401 1949 1656 1996 discessum
1676 1964 1854 2005 meum,

447 2028 656 2075 dicentes
683 2046 693 2074 :
721 2031 878 2076 Frater
902 2038 1010 2074 tuus
1038 2026 1254 2073 Friardus
1279 2025 1395 2072 dixit
1421 2043 1431 2070 :
1458 2027 1600 2084 Ecce,
1630 2039 1856 2070 consum-

449 2114 577 2151 mato
609 2121 748 2151 cursu
781 2104 885 2151 vitae
916 2103 1080 2166 hujuS,
1113 2102 1173 2149 de
1198 2102 1293 2148 hoc
1327 2100 1509 2147 mundo
1540 2076 1780 2157 absolvor,
1814 2109 1859 2146 et

449 2190 500 2227 ut
521 2182 582 2227 sis
606 2181 778 2228 certior
807 2181 867 2227 de
897 2180 989 2227 hoc
1026 2178 1172 2226 verbo
1192 2216 1205 2239 ,
1241 2178 1318 2225 die
1346 2177 1585 2224 dominica
1611 2176 1859 2241 transitum

449 2259 630 2323 accipio
645 2295 657 2317 ,
682 2268 728 2306 et
752 2258 875 2305 vado
900 2258 960 2304 ad
992 2257 1202 2320 requiem
1230 2271 1376 2319 quam
1398 2254 1515 2301 mihi
1538 2253 1758 2318 promisit
1779 2269 1860 2300 rex

447 2344 648 2382 aeternus
666 2337 811 2382 Deus.
831 2335 968 2394 Veni,
993 2334 1209 2393 obsecro,
1228 2342 1275 2379 et
1295 2331 1482 2379 videam
1503 2340 1546 2377 te
1568 2330 1698 2394 prius
1715 2344 1861 2394 quam

449 2410 636 2459 obeam.
658 2430 681 2456 »
718 2414 935 2476 Cumque
966 2410 1043 2457 ille
1074 2410 1323 2457 occasione
1360 2408 1520 2454 nescio
1554 2406 1860 2471 qua.detine-

450 2499 596 2550 retur,
624 2487 901 2536 mandatum
929 2488 1080 2546 misit,
1107 2487 1298 2534 dicens:
1322 2505 1345 2530 «
1367 2488 1500 2548 Rogo
1525 2485 1563 2530 si
1585 2483 1685 2530 fieri
1707 2490 1862 2548 potest

454 2576 502 2612 ut
540 2583 616 2613 me
652 2567 894 2626 modicum
927 2566 1184 2625 sustineas,
1221 2563 1402 2620 donec,
1442 2561 1589 2608 moris
1617 2559 1861 2606 actionum

450 2642 717 2701 dissolutis,
756 2643 817 2690 ad
853 2652 898 2689 te
938 2659 1084 2706 usque
1117 2640 1407 2706 perveniam.
1441 2658 1463 2682 n
1504 2636 1862 2684 Revertentibus

451 2735 564 2765 vero
589 2721 764 2767 nuntiis
787 2729 833 2766 et
851 2720 939 2766 ista
958 2718 1249 2778 dicentibus,
1275 2733 1384 2763 cum
1404 2716 1501 2779 jam
1525 2712 1698 2761 lectulo
1718 2713 1861 2760 decu-

452 2795 610 2850 baret,
642 2797 702 2843 ait
730 2816 740 2843 z
780 2817 801 2839 «
823 2799 1078 2859 Surgamus
1107 2811 1218 2857 ergo
1247 2803 1292 2851 et
1321 2793 1636 2840 sustineamus
1669 2790 1862 2837 fratrem
