2054 3450
393 311 469 348 224
736 313 745 321 ⁴
906 310 1034 346 VITAE
1061 311 1278 347 PATRUM.

392 413 537 462 quam
567 412 710 443 manu
737 395 945 459 gerebat,
979 412 1064 460 per
1092 397 1293 460 parietes
1323 397 1386 444 ita
1416 413 1499 445 eos
1528 397 1711 458 affixos,
1747 407 1800 445 ut

394 483 585 538 putares
606 472 711 519 illos
731 472 897 520 validis
916 482 1056 536 atque
1077 472 1356 520 acutissimis
1376 473 1571 522 sudibus
1587 474 1795 522 retineri.

457 549 506 596 6.
538 549 686 596 Multa
708 548 902 613 quidem
927 559 974 596 et
1004 548 1096 597 alia
1125 549 1186 596 de
1217 548 1388 596 eodem
1419 559 1546 611 gesta
1573 551 1798 614 cognovi·

396 642 500 673 mus
510 642 524 681 ;
557 625 643 674 sed
669 642 730 673 ne
762 626 1002 673 fastidium
1033 626 1300 684 incitarent,
1330 625 1390 672 de
1413 614 1628 689 pluribus
1649 643 1800 691 pauca

396 699 768 764 perstrinximus·
781 699 913 747 Obiit
928 709 1088 747 autem
1107 699 1406 764 episcopatus
1423 699 1494 746 sui
1514 715 1642 746 anno
1660 700 1799 748 trice-

395 776 516 823 simo
530 777 667 824 tertio
688 786 821 825 aetate
840 777 1205 842 nonagenarius,
1224 777 1368 840 quise
1383 775 1636 823 virtutibus
1655 778 1802 824 mani·

395 853 520 900 festis
543 855 711 919 saepius
733 853 1030 902 declaravit’.

952 970 1107 1006 CAPUT
1130 971 1236 1006 vm.

699 1072 752 1106 De
771 1079 891 1106 sancto
909 1070 1048 1107 Nicetio
1066 1070 1296 1119 Lugdunensi
1314 1071 1494 1119 episcopo.

462 1183 744 1231 Praesentiae’
771 1183 940 1231 divina:
966 1183 1173 1243 bonum,
1199 1183 1328 1247 quod
1355 1183 1633 1248 plerumque
1658 1198 1802 1247 regno

396 1277 483 1307 suo
501 1260 745 1325 provideat
765 1278 886 1325 quos
904 1262 1114 1322 asciscat,
1135 1261 1233 1325 ipsa
1249 1260 1417 1324 saepius
1433 1275 1572 1306 sacrae
1588 1258 1803 1306 lectionis

398 1346 625 1384 testantur
654 1339 863 1398 oracula,
897 1339 1017 1385 sicut
1040 1338 1101 1386 ad
1123 1339 1373 1385 Jeremiam
1399 1337 1623 1384 eximium
1646 1347 1801 1384 vatem

397 1414 600 1462 coelestis
634 1415 729 1461 oris
763 1416 957 1479 mystica
991 1415 1268 1462 deseruntur
1300 1414 1514 1478 eloquia,
1555 1414 1754 1460 dicentis
1787 1431 1798 1459 τ

399 1512 422 1535 «
449 1491 726 1556 Priusquam
755 1501 801 1539 te
834 1492 1086 1539 formarem
1118 1492 1164 1538 in
1195 1501 1330 1539 utero
1358 1491 1470 1538 novi
1500 1500 1562 1550 te,
1598 1500 1643 1537 et
1673 1499 1804 1537 ante-

397 1587 542 1635 quam
566 1571 715 1618 exires
736 1571 796 1618 de
820 1571 961 1619 vulva
982 1571 1267 1619 sanctificavi
1290 1581 1351 1618 te.
1382 1590 1404 1614 2>
1438 1573 1497 1617 Et
1519 1570 1618 1635 ipse
1639 1569 1803 1617 Domi-

399 1663 488 1694 nus
513 1649 754 1710 utriusque
779 1647 1001 1695 conditor
1020 1648 1319 1708 Testamenti,
1336 1664 1445 1695 cum
1463 1646 1568 1694 illos
1585 1663 1705 1712 quos
1716 1646 1805 1694 lar·

399 1724 511 1789 gitio
530 1724 689 1772 hilaris
707 1740 858 1789 agneo
872 1725 1118 1774 decoratos
1130 1725 1300 1773 vellere
1317 1726 1412 1773 suis
1429 1724 1553 1772 locat
1567 1741 1595 1772 a
1610 1723 1802 1784 dextris,

399 1802 516 1867 quid
538 1803 632 1850 ait?
654 1823 674 1845 «
695 1804 859 1850 Venite
882 1803 1117 1852 benedicti
1143 1804 1291 1851 Patris
1312 1803 1423 1864 mei,
1448 1802 1673 1868 percipite
1694 1817 1807 1866 prae—

400 1890 613 1945 paratum
644 1879 778 1927 vobis
809 1897 1004 1944 regnum
1036 1897 1061 1928 a
1093 1880 1429 1928 constitutione
1456 1878 1640 1926 mundi.
1666 1898 1690 1922 »
1714 1876 1807 1924 Sed

399 1966 445 2003 et
474 1955 590 2003 illud
617 1972 699 2003 vas
729 1955 970 2004 electionis
1002 1957 1166 2004 beatus
1193 1955 1468 2020 apostolus:
1498 1974 1521 1999 «
1542 1957 1692 2014 Quos,
1731 1953 1804 2000 in-

401 2034 519 2097 quit,
545 2033 775 2096 praescivit
796 2043 842 2080 et
860 2033 1206 2097 praedestinavit
1226 2033 1494 2080 conformes
1517 2030 1616 2078 fieri
1640 2029 1805 2092 imagi-

401 2111 473 2157 nis
499 2109 601 2156 Filii
627 2109 715 2156 sui.
743 2129 766 2153 »
803 2112 921 2156 Nam
952 2119 999 2157 et
1027 2109 1087 2157 de
1119 2113 1269 2171 Isaac,
1301 2112 1579 2172 Joanneque
1606 2105 1806 2171 qualiter

403 2195 723 2244 nascerentur,
750 2186 820 2233 vel
848 2185 964 2251 quid
987 2196 1193 2250 agerent,
1224 2195 1271 2233 et
1294 2202 1471 2233 nomen
1489 2193 1536 2232 et
1555 2200 1675 2249 opus
1696 2198 1809 2248 prae·

401 2262 518 2329 dixit
536 2272 583 2310 et
599 2263 837 2310 meritum.
859 2264 934 2310 Sic
950 2280 1079 2311 nunc
1096 2273 1143 2311 et
1162 2263 1221 2310 de
1236 2263 1378 2310 beato
1397 2261 1576 2309 Nicetio
1603 2261 1704 2324 ipsa
1730 2257 1810 2306 illa

402 2340 554 2405 prisca
576 2339 814 2386 miseratio
837 2340 1021 2405 pietatis
1039 2357 1143 2404 quae
1162 2339 1398 2386 immerita
1420 2337 1553 2397 ditat,
1578 2353 1676 2384 non
1701 2344 1810 2382 nata

402 2415 681 2476 sanctificat,
707 2426 754 2463 et
774 2418 933 2463 omnia
961 2417 1236 2482 priusquam
1260 2416 1511 2480 gignantur
1534 2424 1580 2461 et
1601 2412 1811 2478 disponit

402 2503 449 2541 et
468 2494 674 2552 ordinat,
700 2493 918 2558 qualibus
942 2494 1243 2542 sacerdotalis
1265 2493 1421 2558 gratiae
1439 2491 1599 2539 insulis
1621 2491 1811 2537 floreret

458 2670 516 2723 (1)
536 2671 622 2710 Vid.
641 2671 754 2720 hujus
778 2671 1012 2723 epitaphium
1033 2684 1054 2709 a
1072 2674 1293 2719 Fortunato,
1311 2667 1377 2709 lib.
1396 2671 1462 2717 lv,
1484 2681 1602 2708 carm.
1627 2669 1666 2704 2.
1688 2669 1810 2706 Eum-

404 2729 490 2768 dem
511 2732 719 2783 Gregorius
742 2731 871 2769 laudat
898 2731 996 2770 Hist.
1017 2730 1086 2769 lib.
1108 2733 1180 2778 ΙΙΙ,
1201 2743 1286 2782 cap.
1308 2743 1359 2767 xv
1378 2737 1416 2767 et
1434 2742 1515 2766 x1x.

458 2788 516 2842 (2)
542 2789 683 2839 Laud„
704 2792 957 2840 Praescientiae.
980 2789 1064 2842 (R.)
