2054 3450
391 358 465 393 350
902 358 1028 394 VITAE
1055 359 1273 397 PATRUM.

388 443 587 491 relaxari
619 444 853 508 praecepit.
880 446 973 502 Qui
1000 447 1216 510 protinus
1238 462 1464 493 corruens
1487 463 1595 493 cum
1618 447 1690 495 his
1712 449 1794 511 qui

389 538 497 567 eum
522 521 706 568 trahere
730 521 1015 587 nitebantur,
1043 534 1149 588 post
1179 523 1425 589 paululum
1443 539 1584 570 sanus
1612 534 1794 571 erectus

388 607 473 644 est.
516 598 699 645 Deinde
731 609 837 663 post
872 608 973 646 acta
1003 600 1232 647 solemnia
1270 600 1517 663 requisitus
1548 617 1794 664 nunquam

389 675 582 738 reperiri
609 676 784 740 potuit,
812 692 899 722 nec
930 675 1049 723 ullus
1079 677 1213 723 scivit
1240 677 1367 724 unde
1402 677 1581 724 venerit
1603 677 1675 724 vel
1699 694 1794 741 quo

389 750 570 799 abierit.
606 751 959 815 Conjiciebatur
991 763 1148 800 tamen
1183 770 1211 799 a
1244 753 1458 818 plurimis
1487 770 1597 800 eum
1631 769 1659 800 a
1695 755 1795 800 Deo

388 828 610 886 missum,
646 829 727 892 qui
763 830 884 892 regis
906 828 1256 893 sacerdotisque
1291 846 1436 894 opera
1470 847 1567 877 non
1604 839 1791 878 taceret.

392 905 525 952 Unde
552 905 724 952 factum
746 916 814 952 est
832 915 884 952 ut
904 906 1148 953 sacerdote
1171 916 1336 953 orante
1363 923 1443 953 rex
1464 907 1622 954 mitior
1643 906 1792 965 fieret,

390 992 548 1046 pastor
581 998 609 1029 a
643 983 853 1028 Domino
887 983 1263 1030 remunerandus
1295 983 1436 1047 digne
1467 984 1797 1048 propheticum

386 1058 503 1105 illud
523 1059 724 1117 audiret,
753 1059 863 1123 quia
890 1079 910 1103 α
934 1059 1015 1122 qui
1038 1059 1296 1107 reddiderit
1327 1061 1587 1125 pretiosum
1611 1060 1670 1107 de
1692 1061 1794 1121 vili,

388 1146 614 1200 tanquam
635 1153 688 1183 os
718 1152 875 1182 meum
900 1137 1002 1183 erit.
1035 1156 1057 1181 n
1086 1137 1308 1194 Quotidie
1334 1147 1492 1184 autem
1516 1137 1798 1201 praedicabat

386 1216 607 1262 sacerdos
640 1216 856 1280 populis,
896 1215 1146 1262 denudans
1185 1216 1383 1263 crimina
1419 1217 1712 1279 singulorum
1752 1226 1799 1262 et

386 1308 475 1355 pro
499 1294 776 1339 remissione
799 1292 1059 1356 deprecans
1080 1292 1264 1339 assidue
1287 1291 1632 1339 confitentium.
1661 1292 1797 1339 Unde

387 1369 612 1416 adversus
636 1386 744 1417 eum
768 1370 934 1434 saepius
955 1369 1052 1416 odii
1075 1371 1199 1416 virus
1225 1370 1414 1428 exarsit,
1444 1371 1575 1433 quod
1600 1374 1696 1418 tam
1717 1387 1798 1416 ve-

386 1447 555 1493 raciter
575 1447 833 1493 multorum
857 1446 1063 1493 facinora
1082 1446 1362 1511 publicaret.
1385 1450 1502 1493 Nam
1520 1446 1800 1510 plerumque

386 1540 436 1571 se
460 1523 838 1587 persecutoribus
865 1524 988 1570 ultro
1015 1522 1211 1580 obtulit,
1241 1533 1287 1570 et
1309 1523 1465 1586 gladio
1488 1534 1670 1570 exserto
1699 1539 1798 1570 cer-

386 1601 538 1647 vicem
565 1599 781 1665 praebuit,
808 1600 890 1646 sed
914 1616 1087 1647 nocere
1108 1617 1219 1646 eum
1243 1600 1475 1647 Dominus
1498 1616 1596 1647 non
1622 1600 1800 1665 permi-

386 1676 468 1735 sit;
493 1676 642 1723 voluit
659 1677 786 1723 enim
808 1693 896 1741 pro
911 1676 1089 1739 justitia
1113 1677 1262 1738 mori,
1289 1678 1327 1723 si
1349 1687 1623 1741 persecutor
1642 1677 1800 1725 fuisset

387 1754 614 1801 infestior.
644 1752 807 1800 Aiebat
829 1755 986 1800 enim:
1029 1774 1050 1797 ι(
1083 1753 1305 1801 Libenter
1330 1754 1506 1802 moriar
1546 1772 1634 1819 pro
1661 1755 1799 1818 justi-

386 1828 471 1877 tia!
492 1851 514 1874 »
549 1830 642 1877 Sed
672 1840 719 1877 et
752 1830 1011 1877 Clotarium
1046 1847 1203 1893 regem
1235 1848 1322 1895 pro
1355 1831 1539 1895 injustis
1575 1830 1800 1895 operibus

387 1909 554 1973 saepius
596 1909 1052 1967 excommunicavit,
1101 1909 1410 1973 exsiliumque
1454 1926 1512 1956 eo
1554 1909 1798 1956 minitante

388 2002 635 2048 nunquam
659 1995 728 2031 est
755 1985 954 2031 territus.

454 2062 500 2108 3.
539 2061 761 2118 Quodam
792 2076 905 2106 vero
943 2070 1185 2124 tempore,
1223 2077 1335 2107 cum
1360 2061 1460 2124 jam
1491 2059 1551 2106 ad
1584 2059 1799 2106 exsilium

387 2137 556 2184 ductus
574 2174 586 2197 ,
639 2136 701 2184 ab
744 2137 975 2201 episcopis
1011 2136 1203 2199 reliquis
1246 2137 1328 2200 qui
1374 2136 1641 2184 adulatores
1679 2136 1799 2198 regis

388 2214 538 2260 effecti
583 2214 768 2261 fuerant
809 2223 1161 2272 removeretur,
1195 2223 1336 2277 atque
1376 2230 1404 2260 a
1442 2214 1537 2260 suis
1576 2211 1799 2260 omnibus

387 2291 662 2349 derelictus,
706 2290 788 2336 uni
819 2290 1022 2337 diacono
1053 2290 1134 2354 qui
1171 2290 1328 2337 adhuc
1350 2290 1588 2354 perstabat
1624 2291 1673 2336 in
1707 2288 1799 2335 fide

389 2368 454 2415 ait
475 2387 485 2413 :
520 2388 541 2411 «
577 2367 703 2425 Quid
733 2376 784 2413 tu
810 2384 938 2414 nunc
970 2367 1093 2430 agis?
1115 2383 1260 2431 quare
1285 2384 1382 2414 non
1406 2367 1613 2431 sequeris
1639 2366 1799 2413 fratres

389 2454 513 2506 tuos,
538 2454 590 2491 ut
613 2461 692 2491 eas
713 2461 810 2507 quo
835 2443 1040 2490 volueris
1064 2444 1183 2490 sicut
1210 2444 1276 2490 illi
1302 2444 1566 2491 feceruntP»
1590 2443 1684 2501 Qui
1702 2442 1763 2489 ait
1784 2460 1794 2487 :

392 2542 413 2565 «
446 2522 567 2568 Vivit
602 2522 835 2568 Dominus
871 2523 998 2567 Deus
1022 2537 1173 2579 meus,
1199 2521 1309 2585 quia
1333 2537 1580 2584 usquequo
1612 2519 1800 2584 spiritus

390 2614 522 2644 meus
541 2597 660 2644 infra
679 2597 767 2643 hos
786 2607 913 2644 artus
934 2606 1185 2643 contentus
1212 2596 1365 2655 fuerit,
1395 2611 1640 2659 nunquam
1664 2594 1798 2641 dere-

388 2673 600 2736 linquam
631 2683 693 2719 te.
733 2694 756 2716 ›>
792 2676 849 2719 Et
869 2672 946 2718 ille
967 2692 976 2719 :
1006 2693 1027 2715 «ε
1052 2673 1192 2731 Quia,
1217 2672 1385 2735 inquit,
1411 2672 1511 2718 haec
1531 2670 1703 2731 dixisti,
1727 2669 1798 2716 di-

389 2765 494 2796 cam
527 2749 612 2795 tibi
647 2766 752 2812 quae
778 2749 988 2795 Domino
1012 2750 1247 2796 revelante
1279 2747 1498 2811 cognovi.
1537 2749 1649 2794 Cras
1671 2746 1798 2793 enim

389 2827 439 2873 in
470 2825 560 2873 hac
595 2825 731 2884 hora,
767 2835 814 2871 et
841 2825 1078 2872 honorem
1114 2825 1337 2890 recipiam
1371 2833 1417 2871 et
1450 2823 1654 2871 ecclesiae
1686 2839 1799 2870 meae
