2054 3450
408 335 450 370 31
461 335 482 370 2
920 330 1050 367 VITAE
1075 329 1297 369 PATRUM.

405 434 601 483 precum
631 418 771 464 thura
794 416 1219 480 laudationumque
1243 416 1652 466 holocaustomata
1675 435 1816 483 super

406 494 564 542 cordis
601 493 769 541 mundi
820 493 964 541 altare
1007 493 1262 558 proferret,
1308 493 1519 541 recolens
1553 496 1814 541 Dominum

407 571 579 618 dixisse
621 587 704 636 per
742 569 1049 634 Evangelium
1084 587 1093 615 :
1139 572 1314 618 «Intra
1350 570 1398 616 in
1437 569 1733 630 cubiculum,
1771 579 1818 616 et

406 650 568 697 clauso
588 650 710 696 ostio
734 664 817 695 ora
839 651 1025 695 Patrem
1048 657 1201 709 tuum,
1231 658 1277 695 et
1303 651 1437 694 Pater
1454 658 1561 694 tuus
1583 647 1663 711 qui
1688 646 1817 694 videt

406 728 454 773 in
487 726 719 774 absconso
743 725 909 773 reddet
939 724 1042 771 tibi.
1075 745 1097 768 υ
1136 725 1320 772 Sciebat
1358 726 1485 772 enim
1521 736 1566 771 et
1599 723 1817 788 angelicae

407 802 495 850 sibi
514 802 792 850 visitationis
809 801 1186 848 consolationem
1207 801 1372 848 adfore
1395 802 1432 848 si
1453 818 1502 848 se
1520 800 1581 848 ab
1599 800 1820 846 humanis

406 879 672 944 aspectibus
696 879 883 942 longius
906 879 1174 925 amovisset.
1202 882 1253 924 ln
1278 878 1369 925 hac
1397 894 1508 941 ergo
1532 893 1650 942 rupe
1672 876 1821 924 cavati

407 957 599 1016 montis,
631 955 935 1003 habitationis
966 956 1225 1002 necessaria
1263 954 1574 1020 praeparabat,
1612 955 1822 1001 formans

408 1035 453 1079 in
479 1034 625 1080 antris
644 1049 700 1079 ex
723 1033 827 1097 ipso
850 1032 1007 1097 lapide
1024 1048 1289 1089 scamnum,
1317 1043 1362 1079 et
1383 1032 1594 1079 sellulam
1617 1032 1715 1078 sive
1733 1030 1822 1077 lec-

409 1109 577 1166 tulum,
606 1111 652 1156 in
685 1126 783 1173 quo
809 1119 917 1174 post
942 1108 1159 1156 laborem
1192 1109 1395 1156 multum
1424 1109 1527 1155 fessi
1552 1107 1822 1173 corpusculi

407 1187 616 1251 requiem
649 1186 930 1249 indulgeret.
967 1186 1060 1233 Sed
1092 1197 1227 1234 erant
1260 1187 1360 1234 haec
1391 1186 1676 1245 immobilia,
1712 1186 1822 1249 quia

407 1279 460 1309 ex
491 1264 595 1327 ipso
627 1262 785 1327 lapide
819 1263 964 1309 incisa
1001 1278 1162 1309 massae
1193 1262 1279 1327 ipsi
1306 1272 1474 1327 petreae
1495 1261 1817 1309 inhaerebant:

407 1339 524 1386 nihil
546 1350 706 1386 autem
727 1356 870 1404 super
890 1356 997 1387 eam
1026 1355 1135 1386 cum
1165 1340 1427 1403 quiesceret
1448 1339 1708 1398 sternebat,
1734 1339 1823 1385 nisi

408 1426 591 1463 tantum
612 1434 723 1463 cum
742 1418 1023 1463 vestimento
1043 1433 1139 1481 quo
1159 1417 1354 1463 indutus
1369 1427 1469 1464 erat
1485 1415 1819 1477 decumbebat,

407 1509 496 1540 nec
518 1493 635 1540 alios
655 1493 836 1540 habens
860 1503 1058 1558 tapeteS,
1085 1493 1334 1558 plumellas
1365 1503 1446 1540 aut
1473 1493 1693 1558 stragula,
1715 1493 1822 1557 qui-

409 1569 497 1616 bus
521 1569 621 1616 haec
641 1570 959 1634 operirentur,
984 1570 1070 1616 nisi
1096 1587 1207 1616 cum
1234 1571 1333 1635 ipse
1356 1570 1560 1635 desuper
1587 1570 1825 1617 consedis-

407 1658 492 1694 set.
523 1647 647 1693 Nihil
671 1648 799 1694 enim
820 1647 1028 1694 habebat
1053 1648 1301 1712 proprium
1329 1649 1416 1694 uisi
1441 1649 1527 1695 Dei
1549 1647 1748 1704 cultum,
1775 1648 1823 1693 in

407 1741 506 1788 quo
534 1724 810 1772 indeficiens
834 1724 1161 1790 permanebat.
1189 1726 1375 1772 Victum
1406 1727 1448 1773 ei
1480 1726 1716 1773 interdum
1746 1725 1824 1773 de·

408 1812 630 1849 votorum
653 1803 836 1866 largitio
860 1802 1173 1850 ministrabat.

474 1884 522 1928 2.
552 1881 768 1943 Denique
800 1890 846 1927 et
871 1888 1074 1926 aeternus
1103 1880 1356 1938 Dominus,
1384 1880 1465 1943 qui
1488 1880 1662 1943 jugiter
1687 1879 1825 1942 glori-

408 1956 516 2003 ficat
534 1967 722 2003 sanctos
737 1974 866 2015 suos,
889 1958 1031 2022 coepit
1054 1956 1241 2003 coeleste
1265 1957 1430 2003 famuli
1451 1957 1670 2003 meritum
1691 1957 1823 2003 terri-

409 2034 539 2096 genis
562 2034 818 2093 declarare,
853 2033 925 2080 vel
953 2033 1103 2096 qualis
1128 2043 1246 2079 esset
1273 2033 1427 2079 cultor
1451 2049 1544 2079 suae
1569 2032 1825 2078 divinitatis

409 2109 675 2169 ostendere,
714 2110 830 2156 dum
862 2110 905 2156 ei
938 2110 1238 2156 curationum
1271 2111 1467 2173 gratiam
1500 2109 1720 2173 dignatus
1756 2119 1825 2155 est

410 2187 655 2251 impertiri.
690 2190 810 2234 Nam
851 2186 1091 2234 daemones
1125 2186 1185 2233 de
1221 2186 1422 2234 obsessis
1460 2186 1743 2252 corporibus
1775 2187 1823 2233 in

410 2266 606 2311 nomine
635 2267 740 2311 Jesu
783 2264 954 2311 Christi
985 2263 1134 2311 verbo
1169 2263 1384 2326 fugabat,
1420 2281 1657 2311 venenum
1692 2262 1826 2310 malae

413 2341 591 2406 pusulae
631 2341 783 2387 crucis
823 2341 1069 2404 signaculo
1104 2340 1427 2404 opprimebat,
1464 2341 1705 2403 quartanis
1738 2349 1827 2386 ter·

410 2419 607 2465 tianisve
626 2419 834 2465 febribus
857 2418 1013 2465 infuso
1030 2418 1267 2465 benedicti
1288 2418 1378 2464 olei
1399 2418 1585 2483 liquore
1601 2417 1821 2482 pellebat,

411 2505 456 2542 et
478 2495 630 2543 multa
649 2496 739 2543 alia
761 2495 989 2542 beneficia
1013 2495 1217 2560 populis,
1245 2505 1485 2542 annuente
1508 2496 1717 2541 Domino
1740 2493 1826 2540 lar-

412 2573 562 2635 gitore
598 2573 840 2619 bonorum
886 2577 1128 2631 omnium,
1173 2571 1426 2618 tribuebat.
1474 2571 1543 2619 Ad
1583 2571 1699 2617 tanti
1738 2570 1825 2616 viri

414 2649 587 2696 famam
607 2659 852 2713 coeperunt
870 2649 1067 2711 quidam
1084 2649 1145 2695 ad
1159 2665 1268 2695 eum
1287 2649 1545 2706 confluere,
1567 2647 1824 2709 gaudentes

412 2725 515 2788 ejus
555 2726 724 2772 instrui
768 2725 1041 2789 disciplinis,
1087 2725 1212 2782 Quid
1255 2724 1421 2789 plura?
1459 2724 1636 2785 colligit
1680 2725 1820 2780 viros,

415 2801 587 2847 format
611 2801 891 2860 monachos,
918 2801 1060 2848 efficit
1092 2802 1151 2848 ad
1181 2818 1301 2865 opus
1323 2802 1409 2847 Dei
1431 2801 1678 2865 perfectos
1715 2804 1824 2847 Erat

2047 3007 2054 3106 μι-ω...
2051 2979 2054 2989 ,.
2052 2958 2054 2961 .
2052 2875 2054 2880 .
2043 2834 2046 2840 *
