2054 3450
416 366 463 402 32
775 367 840 401 DE
870 365 1056 402 GLORIA
1092 366 1459 403 CONFESSORUM.

413 462 568 498 zetum
584 451 962 515 potentissimum
979 450 1132 497 obtuli
1154 467 1241 515 pro
1263 452 1422 513 requie
1445 462 1524 499 tua
1548 453 1596 498 in
1615 453 1820 501 sacrario

415 528 502 573 Dei
549 527 658 573 mei.
689 547 710 570 ›>
761 527 1092 591 Expergefacta
1129 536 1286 573 autem
1324 527 1561 574 admirans
1593 529 1820 575 visionem

415 603 724 667 eamdemque
753 604 981 651 oblivioni
1004 622 1102 651 non
1122 604 1329 664 tradens,
1354 605 1415 652 ad
1438 606 1722 652 matutinum
1746 622 1822 652 se-

414 679 625 728 cundum
669 681 1061 728 consuetudinem
1110 681 1324 728 surrexit.
1365 681 1548 738 Quibus
1594 682 1786 747 expletis
1806 719 1818 743 ,

415 755 754 821 celebratisque
793 758 970 813 missis,
1011 758 1192 805 accedit
1225 758 1286 805 ad
1321 757 1547 821 poculum
1580 759 1779 805 salutare
1807 778 1817 806 :

415 850 518 896 quae
543 844 640 880 tam
669 835 851 881 fervens
882 845 1068 882 acetum
1103 835 1257 881 hausit
1281 851 1337 881 ex
1362 834 1530 894 calice,
1562 845 1613 882 ut
1640 845 1821 899 putaret

415 909 502 957 sibi
539 911 703 957 dentes
741 912 921 971 excuti,
969 912 1007 958 si
1047 911 1268 958 haustum
1311 911 1496 975 segnius
1530 911 1818 974 deglutisset.

414 990 449 1033 T
452 1005 544 1035 unc
583 989 831 1052 increpans
869 988 1209 1035 subdiaconem
1231 1025 1243 1045 ,
1288 988 1539 1036 emendata
1573 997 1682 1034 sunt
1717 1005 1822 1051 quae

415 1066 630 1134 nequiter
654 1065 835 1112 fuerant
864 1065 1153 1114 defraudata.
1186 1065 1279 1111 Sed
1303 1081 1391 1111 nec
1422 1065 1516 1111 hoc
1545 1065 1821 1112 miraculum

414 1140 515 1187 sine
538 1142 694 1205 operis
721 1141 838 1188 boni
862 1142 1030 1188 merito
1055 1152 1239 1204 gestum
1266 1151 1398 1206 puto.

965 1296 1118 1331 CAPUT
1143 1296 1273 1331 LXVI.

755 1385 806 1418 De
825 1384 993 1418 Memmio
1016 1384 1281 1419 catalaunensi¹
1303 1384 1483 1431 episcop0.

481 1483 829 1530 Catalaunensis
860 1500 971 1530 vero
1007 1483 1136 1530 urbis
1169 1483 1388 1548 proprius
1417 1492 1563 1529 exstat
1594 1493 1820 1547 patronus

417 1560 664 1605 Memmius
682 1559 890 1618 antisteS,
917 1560 998 1622 qui
1017 1576 1125 1606 cum
1145 1559 1302 1606 adhuc
1324 1569 1534 1606 maneret
1557 1560 1603 1605 in
1621 1576 1821 1623 corpore

419 1636 622 1690 mortali,
662 1645 900 1681 mortuum
936 1635 1107 1681 dicitur
1138 1637 1396 1682 suscitasse.
1431 1635 1500 1682 Ad
1528 1636 1661 1698 cujus
1696 1652 1824 1682 nunc

417 1712 684 1777 sepulcrum
704 1713 868 1775 saepius
893 1712 1157 1758 confractas
1180 1713 1457 1758 miserorum
1476 1722 1664 1758 catenas
1685 1721 1825 1775 atque

418 1789 673 1853 compedes
695 1789 918 1844 vidimus,
951 1789 1034 1835 sed
1063 1798 1109 1835 et
1138 1805 1225 1835 nos
1253 1789 1443 1853 proprie
1472 1789 1825 1852 virtutem=ejus

418 1866 592 1929 experti
619 1882 794 1911 sumuS.
833 1865 1053 1921 Quodam
1082 1867 1208 1911 enim
1236 1875 1466 1929 tempore,
1495 1865 1610 1911 dum
1637 1867 1682 1910 in
1707 1865 1825 1911 urbe

418 1942 495 1990 illa
517 1957 938 2000 commoraremur,
969 1959 1086 2006 puer
1107 1959 1228 1988 unus
1252 1959 1306 1988 ex
1328 1942 1499 1988 nostris
1523 1958 1550 1988 a
1573 1941 1701 1989 febre
1725 1959 1826 1989 cor-

419 2020 603 2084 ripitur,
645 2019 859 2080 fatigatur
888 2019 1091 2075 vomitu,
1117 2035 1171 2065 ac
1203 2018 1361 2065 cibum
1396 2028 1656 2082 potumque
1686 2019 1822 2065 simul

419 2097 637 2143 exhorret
665 2114 674 2141 :
705 2094 844 2141 nobis
875 2112 987 2141 vero
1026 2112 1193 2158 magna
1224 2096 1523 2159 consumptio
1556 2106 1820 2158 generatur,

420 2173 549 2237 quod
568 2173 705 2235 hujus
726 2172 859 2236 pueri
876 2172 1121 2219 infirmitas
1143 2173 1295 2219 itineri
1312 2183 1474 2219 nostro
1493 2189 1650 2219 moras
1667 2174 1824 2219 innec-

419 2257 553 2294 teret.
578 2249 673 2293 Nec
697 2263 847 2306 mora,
874 2247 1115 2294 basilicam
1138 2248 1285 2295 sancti
1308 2247 1446 2308 adeo,
1476 2248 1692 2311 sepulcro
1715 2265 1819 2313 pro·

419 2334 605 2371 sternor
623 2340 710 2387 pro
735 2339 903 2388 puero,
941 2323 1098 2370 effusis
1132 2324 1348 2387 lacrymis
1379 2324 1625 2388 deprecor,
1660 2334 1711 2371 ut
1743 2326 1825 2388 qui

419 2399 745 2448 laborantibus
777 2400 964 2461 vinctis,
995 2401 1216 2465 disruptis
1245 2400 1576 2465 compedibus,
1610 2411 1826 2466 respectu

421 2475 604 2542 pietatis
635 2477 913 2541 plerumque
943 2478 1314 2524 consolationem
1353 2477 1584 2537 exhibuit,
1619 2477 1730 2525 huic
1762 2478 1826 2524 se-

422 2554 657 2601 bricitanti
677 2554 869 2601 medelae
888 2555 1123 2617 refrigeria
1147 2555 1447 2601 ministraret.
1474 2555 1646 2602 Mirum
1660 2555 1791 2602 dictu
1811 2574 1821 2602 ε

360 2671 362 2673 .
422 2633 468 2678 in
494 2633 593 2695 ipsa
621 2640 762 2678 nocte
788 2647 814 2677 a
842 2632 989 2678 sancti
1018 2632 1189 2678 virtute
1214 2632 1424 2678 visitatus
1449 2631 1662 2689 infirmus
1687 2648 1826 2679 mane

423 2709 546 2755 facto
569 2706 1039 2754 incolumis‘surrexit
1060 2725 1086 2755 a
1109 2708 1296 2755 lectulo.

477 2837 535 2890 (Δ)
562 2838 705 2885 Μείηἰο
727 2839 1091 2888 Catalaunenssium,
1112 2827 1232 2879 2304.
