2054 3450
391 338 466 375 396
902 337 1028 374 VITAE
1056 337 1275 374 PATRUM.

386 422 446 469 ad
484 422 768 480 Dominum,
813 432 979 486 quarta
1020 422 1096 469 die
1137 423 1388 488 imponens
1418 440 1612 472 manum
1649 441 1790 490 super

386 498 550 545 oculos
570 499 687 562 ejus,
713 499 778 545 ait
800 517 810 545 z
836 518 858 542 «
882 500 1085 546 Domine
1105 500 1426 564 omnipotens,
1443 500 1527 547 Fili
1551 502 1790 563 unigenite

387 576 473 623 Dei
497 577 659 632 Patris,
690 576 771 639 qui
805 592 914 622 cum
948 593 1006 623 eo
1047 593 1100 624 ac
1138 577 1314 641 Spiritu
1345 586 1510 624 sancto
1545 593 1710 640 regnas
1741 579 1789 624 in

386 652 570 711 saecula‚
592 652 674 717 qui
696 652 879 699 homini
910 669 937 700 a
960 654 1199 700 nativitate
1227 670 1351 701 caeco
1372 653 1615 701 reddidisti
1638 651 1792 718 lucem

386 727 512 776 beati
535 729 629 775 oris
651 738 815 793 sputo,
854 739 906 776 tu
943 729 1088 776 redde
1122 729 1234 776 huic
1269 730 1446 777 famulo
1483 740 1566 776 tuo
1603 729 1794 777 luminis

386 806 554 865 visum,
581 815 632 852 ut
643 815 897 869 cognoscat
909 806 1019 869 quia
1039 816 1090 853 tu
1109 823 1159 853 es
1177 808 1410 853 Dominus
1425 808 1748 872 omnipotens.
1764 825 1788 850 υ

388 884 444 928 Et
465 882 565 928 haec
589 882 768 939 dicens,
797 892 847 927 ut
866 899 1057 929 crucem
1079 900 1220 948 super
1242 883 1406 930 oculos
1427 884 1538 930 caeci
1560 883 1787 947 depinxit,

389 975 497 1005 mox
528 959 672 1022 pulsis
700 959 906 1006 tenebris
934 959 1087 1006 lucem
1118 959 1177 1006 de
1205 960 1422 1024 praesenti
1459 959 1671 1007 restituit.
1701 961 1794 1005 Hu-

381 1036 459 1099 jus
494 1035 679 1082 virtutis
723 1036 993 1082 testimonio
1032 1036 1308 1084 Eustachius
1352 1036 1474 1084 abba
1517 1035 1795 1102 astipulator

387 1113 547 1160 astitit.

452 1190 500 1237 4.
528 1189 741 1252 Denique
757 1189 835 1236 hic
854 1189 914 1236 de
935 1189 1094 1236 labore
1117 1189 1286 1255 lapidis
1303 1190 1625 1250 submontani,
1650 1205 1794 1254 quam

388 1265 571 1312 assidue
593 1265 819 1323 caedebat,
855 1266 1140 1325 confractus,
1169 1267 1333 1330 jejunii
1367 1266 1635 1313 austeritate
1672 1282 1794 1312 con-

387 1342 550 1402 fectus,
577 1344 790 1390 oratione
809 1342 1096 1390 indeficienti
1117 1344 1454 1390 corroboratus
1475 1344 1615 1407 coepit
1639 1342 1793 1407 paula·

388 1420 472 1465 tim
504 1420 717 1483 corporis
743 1418 1013 1466 infirmitate
1036 1420 1240 1466 destitui.
1269 1419 1488 1477 Quadam
1523 1428 1682 1465 autem
1718 1419 1795 1466 die

387 1496 504 1542 dum
527 1496 726 1542 nimium
749 1496 894 1542 fessus
915 1496 1187 1555 haberetur,
1214 1512 1302 1542 nos
1332 1495 1393 1542 ad
1424 1511 1473 1542 se
1495 1495 1653 1542 vocari
1681 1511 1796 1560 prae-

388 1572 530 1636 cepit.
557 1572 623 1618 Ad
644 1589 787 1636 quem
810 1572 1105 1634 accedentes,
1133 1582 1386 1637 postquam
1415 1571 1589 1618 funeris
1612 1571 1684 1617 sui
1708 1587 1793 1617 ne-

388 1650 649 1696 cessitatem
672 1649 880 1709 deflevit,
907 1649 1116 1713 eulogias
1144 1665 1170 1696 a
1196 1648 1336 1696 uobis
1358 1647 1687 1713 peccatoribus
1711 1646 1794 1694 fla-

387 1726 563 1788 gitavit.
590 1725 774 1783 Quibus
796 1727 1017 1790 acceptis,
1044 1726 1213 1772 hausto
1237 1742 1387 1783 mero,
1410 1725 1472 1772 ait
1501 1743 1510 1770 :
1547 1745 1569 1767 ι(
1594 1728 1796 1788 Tempus

389 1818 549 1849 meum
565 1808 662 1865 jam
683 1803 920 1868 impletur,
938 1802 1136 1866 jubente
1153 1803 1379 1860 Domino,
1405 1812 1457 1849 ut
1479 1818 1555 1849 me
1574 1801 1635 1849 ab
1656 1801 1796 1864 hujus

387 1880 602 1944 corporis
633 1879 829 1926 vinculis
863 1879 1026 1943 jubeat
1062 1879 1285 1938 relaxari,
1333 1879 1415 1926 sed
1448 1878 1604 1925 adhuc
1633 1878 1796 1942 paucis

387 1956 555 2004 diebus
575 1957 664 2004 erit
684 1958 908 2021 spatium.
933 1959 1268 2004 Verumtamen
1294 1965 1402 2002 ante
1425 1955 1548 2002 diem
1580 1964 1794 2002 sanctum

388 2033 575 2080 Paschae
597 2032 840 2080 vocandus
860 2050 960 2079 ero.
993 2053 1014 2075 »
1041 2034 1083 2078 Ο
1103 2032 1295 2080 beatum
1318 2032 1488 2090 virum,
1515 2031 1596 2094 qui
1619 2031 1684 2077 sic
1699 2047 1774 2076 ser

389 2109 502 2155 vivit
537 2110 747 2156 Creatori
781 2111 997 2156 omnium
1035 2119 1086 2155 ut
1122 2125 1261 2155 suum
1295 2108 1479 2155 obitum
1511 2107 1795 2154 revelatione

387 2184 547 2232 divina
565 2184 891 2248 cognosceret!
912 2189 1021 2232 Erat
1039 2187 1165 2232 enim
1187 2185 1359 2232 mensis
1375 2184 1586 2231 decimus
1599 2182 1795 2247 quando

388 2260 487 2308 haec
518 2272 586 2308 est
619 2263 783 2308 effatus
808 2280 817 2307 t
848 2262 1134 2309 duodecimo
1156 2271 1311 2309 autem
1341 2277 1502 2308 mense
1534 2260 1677 2325 coepit
1708 2261 1797 2307 ite-

390 2355 494 2384 rum
522 2340 723 2401 graviter
743 2348 986 2403 aegrotare.
1014 2339 1213 2386 Advenit
1244 2339 1343 2386 dies
1365 2338 1633 2398 Dominica,
1660 2346 1798 2384 vocat

390 2416 655 2462 ministrum
697 2433 865 2473 suum,
905 2427 951 2463 et
985 2417 1047 2464 ait
1085 2435 1094 2462 :
1134 2437 1156 2460 «
1188 2420 1402 2480 Praepara
1439 2414 1668 2479 quiddam
1702 2413 1797 2461 cibi

389 2492 521 2556 quod
542 2493 790 2558 accipiam,
819 2494 931 2556 quia
954 2493 1088 2540 valde
1109 2493 1343 2540 defessum
1367 2509 1444 2540 me
1465 2492 1635 2539 sentio.
1663 2510 1684 2535 »
1709 2490 1796 2537 Illo

388 2586 580 2633 quoque
603 2570 920 2634 respondente
945 2589 954 2616 z
987 2591 1008 2614 ε(
1038 2574 1209 2617 Praesto
1234 2580 1320 2630 est,
1350 2569 1561 2629 domine,
1594 2589 1616 2611 »
1649 2569 1713 2614 ait
1734 2567 1795 2614 ad

390 2663 500 2692 eum
530 2666 538 2692 :
582 2668 601 2690 «
633 2647 866 2710 Egredere
905 2647 1046 2708 foras,
1074 2657 1120 2693 et
1151 2647 1307 2712 aspice
1340 2647 1378 2692 si
1409 2646 1524 2709 jam,
1556 2643 1798 2692 celebratis

389 2722 698 2782 solemnibus,
718 2724 922 2788 populus
941 2724 1001 2772 de
1027 2725 1176 2770 missis
1189 2722 1441 2786 egreditur.
1464 2742 1486 2765 »
1514 2724 1617 2768 Hoc
1639 2730 1796 2767 autem

390 2799 593 2861 dicebat,
615 2817 711 2846 non
737 2802 868 2864 quod
888 2801 1049 2849 cibum
1073 2817 1240 2864 capere
1265 2799 1419 2858 vellet,
1446 2799 1528 2846 sed
1556 2808 1605 2845 ut
1628 2797 1795 2845 transi-
