2054 3450
428 321 504 358 382
747 303 756 311 ⁴
942 322 1071 358 VITAE
1097 322 1317 360 PATRUM.

427 409 551 456 Alius
574 426 687 456 vero
709 425 826 473 puer
848 409 1074 473 paralysis
1105 409 1377 474 aegritudine
1399 421 1682 473 contractus,
1721 424 1829 462 ante

424 501 530 532 eam
566 486 688 533 inter
722 502 890 532 manus
927 485 1110 533 delatus
1145 497 1213 533 est
1253 487 1474 548 aliorum,
1511 488 1769 553 deprecans
1801 508 1830 539 a

422 562 561 609 beata
583 563 756 610 sanari.
782 567 836 610 At
858 562 937 610 illa
954 563 1003 609 in
1023 564 1238 611 oratione
1257 574 1502 629 prostrata,
1528 582 1718 629 precem
1740 584 1828 633 pro

422 655 480 685 eo
517 639 635 686 fudit
676 639 738 687 ad
775 640 1062 698 Dominum3
1105 651 1432 689 consummata
1469 658 1582 689 vero
1618 644 1830 692 oratione

421 733 711 780 consurgens
728 755 740 778 ,
795 717 1089 781 apprehensa
1130 733 1273 764 manu
1322 720 1455 782 pueri
1498 719 1644 766 erexit
1686 737 1795 767 eum
1813 759 1826 782 ,

421 794 738 857 sospitemque
771 793 899 840 abire
938 794 1164 857 permisit.
1206 795 1371 841 Mulier
1409 805 1508 841 erat
1541 812 1690 856 caeca,
1728 813 1831 860 quae

420 869 626 917 adducta
650 870 710 917 ad
738 887 858 929 eam,
887 870 1135 935 deprecata
1158 880 1227 917 est
1253 881 1307 917 ut
1334 872 1377 918 ei
1415 888 1582 918 manus
1613 872 1831 937 impone-

419 956 506 992 ret.
534 947 689 994 Atina
707 948 983 1012 respondit:
1015 947 1181 1004 «Quid
1211 947 1345 994 vobis
1373 957 1419 994 et
1450 948 1584 1008 mihi,
1612 948 1830 997 homines

419 1023 534 1069 Dei?
557 1040 717 1070 nonne
738 1033 927 1071 sanctus
941 1024 1166 1070 Martinus
1177 1023 1257 1071 hic
1285 1024 1483 1082 habitat,
1507 1025 1589 1088 qui
1614 1025 1828 1088 quotidie

419 1099 671 1147 illustrium
699 1101 925 1147 virtutum
949 1117 1092 1165 opere
1116 1100 1344 1164 refulget?
1366 1101 1482 1147 llluc
1511 1101 1737 1161 accedite,
1763 1101 1828 1148 ibi

421 1175 751 1234 obsecramini,
790 1187 838 1224 ut
871 1178 969 1242 ipse
1006 1193 1088 1224 vos
1114 1177 1298 1223 visitare
1331 1176 1567 1241 dignetur.
1594 1179 1711 1224 Nam
1739 1193 1828 1239 ego

418 1254 651 1317 peccatrix
686 1253 802 1317 quid
838 1251 1038 1300 faciam?
1066 1275 1088 1296 »
1128 1253 1211 1300 llla
1241 1270 1355 1300 vero
1392 1254 1440 1300 in
1484 1270 1566 1300 sua
1602 1253 1827 1318 petitione

416 1330 695 1393 perdurans,
717 1329 896 1376 aiebat:
929 1349 951 1372 α
972 1332 1099 1376 Deus
1122 1347 1205 1394 per
1230 1346 1396 1376 omnes
1414 1330 1632 1376 timentes
1647 1346 1825 1378 nomen

417 1423 555 1452 suum
579 1405 792 1470 quotidie
824 1422 945 1470 opus
973 1416 1156 1452 exercet
1184 1406 1451 1469 egregium3
1489 1405 1694 1468 ideoque
1719 1423 1828 1471 sup-

416 1484 523 1547 plex
556 1483 616 1530 ad
650 1494 694 1529 te
720 1483 959 1545 confugio,
994 1484 1070 1530 cui
1099 1483 1301 1547 praestita
1332 1492 1399 1528 est
1435 1482 1659 1529 divinitus
1681 1484 1827 1547 gratia

416 1561 733 1607 curationum.
764 1579 786 1602 ³>
817 1562 947 1605 Tunc
979 1569 1222 1606 commota
1240 1559 1327 1605 Dei
1354 1558 1544 1619 famula,
1569 1558 1828 1607 luminibus

416 1637 608 1702 sepultis
630 1653 797 1683 manus
817 1637 1058 1700 imposuit,
1080 1638 1332 1700 statimque
1352 1636 1565 1684 reseratis
1583 1638 1825 1684 cataractis

417 1714 652 1760 mundum
687 1713 779 1760 late
817 1722 1055 1777 patentem
1092 1730 1196 1776 quae
1227 1713 1375 1760 fuerat
1409 1729 1530 1760 caeca
1564 1713 1821 1778 prospexit.

416 1790 570 1837 Multis
590 1791 731 1837 etiam
754 1789 1084 1853 energumenis
1106 1789 1166 1836 ad
1183 1806 1287 1839 eam
1312 1790 1547 1854 ingressis,
1581 1799 1634 1837 ut
1656 1807 1825 1838 manus

414 1867 656 1931 imposuit,
695 1866 853 1929 fugato
882 1865 1019 1913 hoste
1044 1882 1270 1930 nequam,
1297 1866 1569 1931 sospitatem
1596 1867 1821 1925 restituit;

414 1960 501 1990 nec
531 1942 842 1990 morabantur
869 1958 925 1988 ex
950 1941 1023 1988 his
1042 1943 1215 2003 curari,
1239 1958 1359 2006 quos
1385 1942 1446 1989 ad
1467 1958 1517 1989 se
1540 1951 1699 1990 sancta
1717 1959 1823 2008 per-

414 2020 613 2067 misisset
629 2019 868 2067 accedere.

477 2098 524 2144 4.
565 2099 668 2143 Jam
706 2105 864 2143 autem
904 2105 1089 2160 tempus
1127 2096 1389 2143 vocationis
1429 2095 1529 2159 ejus
1563 2096 1821 2160 appropin-

412 2172 607 2236 quabat,
654 2182 701 2219 et
743 2171 923 2219 defessa
959 2188 1159 2236 corpore
1197 2171 1483 2219 solvebatur.
1527 2171 1670 2229 Quod
1711 2188 1822 2219 cum

412 2249 626 2296 viderent
649 2248 1026 2295 sanctimoniales
1056 2264 1172 2312 quas
1203 2265 1362 2295 secum
1384 2248 1611 2310 habebat,
1645 2248 1823 2296 flebant

411 2326 565 2384 valde,
597 2325 823 2372 dicentes.
855 2345 875 2369 «
901 2329 956 2372 Et
973 2326 1049 2372 cui
1074 2342 1180 2386 nos,
1203 2335 1353 2372 mater
1374 2334 1552 2383 sancta,
1578 2325 1823 2389 relinquis?

414 2401 487 2448 vel
518 2402 595 2447 cui
626 2401 933 2448 commendas
973 2401 1108 2459 filias,
1151 2417 1268 2465 quas
1297 2402 1354 2452 in,
1381 2402 1541 2449 locum
1572 2401 1701 2449 hunc
1731 2418 1821 2466 pro

411 2478 498 2524 Dei
518 2478 692 2525 intuitu
715 2479 1038 2541 congregasti?
1057 2498 1079 2520 »
1107 2481 1160 2524 At
1173 2478 1250 2524 illa
1271 2494 1526 2543 parumper
1537 2479 1815 2542 lacrymans,

409 2557 473 2603 ait
494 2574 504 2601 :
538 2577 559 2599 (ι
581 2557 628 2603 Si
647 2573 813 2620 pacem
827 2555 1282 2619 sanctimoniamque
1295 2556 1574 2619 sequamini,
1591 2559 1717 2603 Deus
1733 2556 1820 2602 erit

409 2634 643 2696 protectio
684 2642 864 2691 vestra3
916 2632 1247 2696 habebitisque
1298 2643 1512 2680 sanctum
1563 2634 1819 2680 Martinum

408 2709 666 2756 antistitem
692 2720 928 2774 pastorem
955 2726 1196 2773 magnum.
1224 2712 1341 2756 Nam
1360 2719 1407 2757 et
1432 2726 1519 2773 ego
1547 2726 1645 2757 non
1668 2709 1817 2756 disce-

408 2785 521 2833 dam
544 2801 572 2831 a
609 2784 759 2842 vobis,
788 2785 870 2832 sed
901 2786 1118 2833 invocata
1142 2785 1287 2832 adero
1318 2786 1367 2831 in
1389 2785 1548 2832 medio
1582 2785 1818 2832 charitatis
