2054 3450
388 354 405 389 1
415 354 465 389 74
738 375 748 382 -
903 348 1032 385 VITAE
1059 349 1278 385 PATRUM.

384 452 469 482 sua
497 436 673 498 ejectus
697 443 783 481 est.
804 454 827 477 2>
852 434 1071 497 Denique
1094 449 1204 480 cum
1226 442 1414 480 sanctus
1435 433 1720 491 Quintianus
1743 433 1793 480 in

383 511 622 559 antedicta
636 510 754 557 urbe
774 510 1009 575 potiretur
1021 511 1314 574 episcopatu,
1336 509 1563 557 Proculus
1577 510 1790 574 quidam,

382 604 439 634 ex
460 588 623 634 aerario
645 586 891 652 presbyter
914 586 1187 646 ordinatus,
1220 586 1392 632 multas
1422 586 1466 632 ei
1492 587 1685 650 injurias
1717 587 1791 632 in-

383 664 517 725 tulit,
560 680 849 728 omnemque
889 672 1171 727 potestatem
1207 663 1275 710 illi
1311 662 1371 709 de
1410 661 1553 709 rebus
1589 663 1794 710 ecclesiae

383 740 602 788 auferens
617 777 630 800 ,
675 741 747 788 vix
794 741 837 787 ei
868 739 1199 803 quotidianum
1238 739 1348 786 satis
1384 748 1578 786 tenuem
1617 739 1793 786 victum

385 818 639 865 ministrari
662 818 882 882 praecepit
904 836 914 863 ε
938 817 1022 864 sed
1044 833 1129 881 per
1153 817 1255 879 ejus
1277 816 1542 863 orationem
1567 832 1593 861 a
1614 815 1794 863 civibus

383 904 628 959 correptus
650 893 1060 958 prudentioribus,
1080 895 1292 941 restituta
1315 893 1448 940 omni
1467 901 1720 957 potestate,
1746 909 1796 939 se

383 971 445 1018 ab
476 971 578 1034 ejus
607 970 1034 1032 removissinsidiis.
1071 969 1344 1017 Antedictus
1378 979 1538 1017 tamen
1574 968 1796 1016 sacerdos

383 1064 482 1094 non
507 1048 760 1094 immemor
780 1046 977 1110 injuriae,
1005 1047 1125 1094 sicut
1149 1046 1395 1110 quondam
1416 1046 1586 1094 Paulus
1607 1055 1796 1111 aposto·

383 1125 456 1171 lus
480 1124 541 1171 de
568 1123 883 1181 Alexandr0¹,
907 1124 970 1171 ita
997 1134 1044 1171 et
1069 1124 1146 1170 hic
1169 1123 1229 1170 de
1255 1124 1461 1170 Proculo
1484 1121 1792 1179 decantabat,

383 1201 548 1248 dicens
580 1219 591 1247 :
627 1222 649 1246 «
678 1201 905 1248 Proculus
943 1202 1133 1247 aerarius
1170 1200 1319 1248 multa
1350 1201 1474 1247 mala
1505 1199 1622 1246 mihi
1657 1199 1791 1259 fecit,

383 1277 550 1325 reddet
572 1277 639 1324 illi
661 1278 896 1324 Dominus
928 1277 1192 1324 secundum
1225 1294 1372 1343 opera
1401 1293 1502 1325 sua.
1533 1297 1556 1321 >³
1582 1275 1728 1334 Quod
1746 1276 1795 1323 in

384 1364 629 1420 posterum
650 1355 695 1401 ei
724 1355 934 1401 evenisse
960 1354 1260 1401 manifestum
1286 1364 1372 1401 est.

448 1436 496 1480 2.
536 1434 646 1478 Erat
667 1432 795 1477 enim
817 1431 890 1477 vir
912 1429 1079 1478 beatus
1101 1431 1150 1477 in
1175 1431 1390 1478 oratione
1412 1429 1648 1486 assiduus,
1676 1438 1723 1475 et
1746 1430 1796 1475 in

383 1518 570 1555 tantum
592 1517 778 1555 amator
795 1507 962 1571 populi
979 1508 1074 1565 sui,
1100 1517 1151 1554 ut
1171 1507 1452 1554 adveniente
1473 1504 1793 1563 Theoderico,

383 1600 439 1631 ac
460 1583 666 1630 vallante
696 1599 807 1630 cum
839 1583 1044 1629 exercitu
1080 1583 1245 1630 urbem
1261 1619 1274 1642 ,
1311 1592 1501 1630 sanctus
1525 1582 1613 1628 Dei
1635 1597 1798 1628 muros

383 1661 484 1723 ejus
508 1677 594 1725 per
618 1670 809 1706 noctem
833 1659 1080 1724 psallendo
1104 1660 1346 1720 circuiret,
1374 1669 1422 1706 et
1444 1669 1494 1706 ut
1517 1658 1699 1722 regioni
1723 1657 1797 1705 vel

384 1738 565 1801 populo
592 1737 825 1783 Dominus
854 1735 1080 1783 velociter
1106 1752 1380 1783 succurrere
1410 1736 1698 1799 dignaretur,
1729 1733 1798 1782 af-

384 1814 539 1861 flictus
562 1815 610 1860 in
629 1814 821 1878 jejuniis
845 1823 988 1878 atque
1005 1814 1171 1877 vigiliis
1192 1814 1420 1861 instanter
1441 1813 1624 1861 orabat.
1647 1814 1797 1859 Porro

383 1890 701 1938 Theodericus
715 1906 797 1936 rex
813 1906 924 1936 cum
941 1891 1169 1954 cogitaret
1187 1891 1328 1937 etiam
1347 1906 1512 1937 muros
1527 1889 1656 1937 urbis
1672 1903 1799 1936 ever-

384 1976 508 2026 tere,
531 1967 731 2014 mollivit
755 1983 866 2013 eum
891 1966 1213 2013 misericordia
1239 1967 1459 2024 Domini,
1482 1975 1530 2012 et
1550 1966 1702 2029 oratio
1730 1981 1800 2012 sa·

385 2043 591 2090 cerdotis
627 2043 721 2102 sui,
758 2059 903 2106 quem
938 2044 986 2088 in
1021 2043 1234 2089 exsilium
1266 2043 1508 2090 retrudere
1540 2041 1795 2105 cogitabat.

386 2122 503 2166 Nam
528 2129 670 2166 nocte
693 2135 870 2183 pavore
891 2119 1166 2183 perterritus
1185 2118 1246 2166 de
1268 2129 1415 2166 stratu
1437 2135 1524 2172 suo
1546 2118 1715 2178 exsilit,
1743 2133 1798 2165 ac

386 2195 513 2242 solus
545 2212 631 2260 per
665 2195 789 2242 viam
821 2194 1061 2259 publicam
1101 2195 1258 2258 fugere
1298 2196 1479 2242 nititur.
1523 2194 1798 2242 Perdiderat

387 2273 516 2319 enim
543 2288 760 2332 sensum,
798 2272 1013 2319 nesciens
1049 2272 1164 2336 quid
1194 2282 1369 2335 ageret.
1407 2271 1551 2329 Quod
1582 2270 1797 2319 animad-

386 2359 620 2396 vertentes
641 2349 736 2408 sui,
763 2365 969 2412 eumque
1001 2350 1204 2395 retinere
1234 2358 1462 2396 conantes
1475 2384 1487 2408 ,
1523 2348 1599 2395 vix
1629 2357 1799 2412 potue-

387 2435 521 2485 runt,
549 2425 856 2472 cohortantes
883 2434 937 2471 ut
958 2441 1007 2472 se
1030 2425 1165 2488 signo
1194 2424 1387 2472 salutari
1415 2425 1638 2471 muniret.
1670 2427 1801 2470 Tunc

387 2502 633 2566 Hilpingus
657 2500 755 2548 dux
778 2501 878 2564 ejus
909 2501 1139 2548 accedens
1168 2499 1364 2566 propius
1395 2501 1458 2548 ad
1485 2517 1668 2564 regem,
1698 2502 1795 2547 ait:

391 2597 412 2622 «
445 2578 586 2639 Audi,
621 2578 956 2641 gloriosissime
982 2594 1091 2637 rex,
1117 2577 1370 2625 consilium
1394 2578 1634 2642 parvitatis
1661 2593 1793 2623 meae.

388 2656 509 2701 Ecce
528 2647 656 2701 muri
669 2655 868 2702 civitatis
886 2655 1018 2702 istius
1043 2654 1284 2702 fortissimi
1304 2664 1437 2714 sunt,
1470 2670 1670 2718 eamque
1692 2669 1800 2718 pro-

445 2831 500 2878 (1)
527 2832 576 2866 H
593 2831 690 2868 Tim.
711 2842 767 2877 ιν,
787 2831 851 2868 14.

2039 3123 2048 3131 =
2029 2931 2054 3110 ‘awannam
2024 2478 2054 2919 ἐκώ-φὼς.
2042 2362 2054 2470 -υ-Μᾲι
2049 2348 2054 2350 ,
2051 2330 2054 2336 .
2047 2303 2051 2315 -Ᾰ
