2054 3450
398 339 475 377 120
757 338 824 374 DE
850 336 1040 374 GLORIA
1067 337 1437 376 CONFESSORUM.

398 428 507 484 tari,
540 427 578 472 si
607 425 844 473 videretur
872 426 990 472 nihil
1020 425 1080 472 de
1113 426 1392 474 transitoriis
1423 426 1678 492 possidere.
1713 429 1800 475 Cui

398 503 611 566 majestas
642 502 802 550 divina
833 502 1019 564 tribuit,
1055 513 1106 549 ut
1138 503 1269 567 quod
1302 504 1589 568 impossibile
1619 505 1800 553 dixerat

396 596 481 644 per
503 579 818 642 evangelium,
850 579 928 626 hic
952 578 1233 644 possibiliter
1259 579 1516 644 adimplere
1541 591 1799 629 mereretur

396 672 481 721 per
507 665 683 702 actum.
717 655 935 713 Quadam
963 673 1078 703 vero
1110 656 1186 703 die
1217 657 1343 703 venit
1371 656 1430 704 ad
1463 673 1573 704 eum
1602 659 1685 722 qui
1715 656 1798 705 sti—

397 750 507 798 pem
534 743 737 798 peteret‚
774 743 820 780 et
845 734 908 779 ait
934 734 1121 798 conjugi
1147 752 1157 779 z
1191 755 1212 777 «
1230 733 1386 795 Vade,
1427 743 1474 780 et
1502 733 1563 781 da
1593 735 1635 781 ei
1667 736 1799 799 quod

396 809 539 856 habet
562 811 892 857 necessarium.
910 830 932 853 >›
962 813 1076 868 Quae
1098 810 1369 875 respondit:
1402 830 1424 854 (ε
1442 812 1546 857 Non
1570 820 1640 875 est
1661 810 1801 858 nobis

397 886 597 952 amplius
619 902 763 950 quam
782 903 903 933 unus
920 887 1071 952 panis.
1094 906 1116 931 »
1143 888 1229 934 Cui
1248 887 1324 934 ille
1353 905 1363 934 z
1397 907 1419 930 «
1447 887 1600 947 Vade,
1622 887 1798 951 inquit,

395 965 584 1029 porrige
622 981 749 1011 eum.
790 965 1022 1011 Dominus
1055 965 1183 1011 enim
1217 964 1347 1011 dabit
1384 963 1523 1011 nobis
1561 965 1797 1011 victum.»

396 1040 488 1087 Sed
519 1041 597 1088 illa
627 1041 760 1105 quasi
796 1050 986 1088 strenua
1012 1042 1237 1088 reservari
1270 1041 1491 1106 cupienS‚
1531 1058 1592 1088 ne
1624 1041 1802 1106 aliquid

396 1117 594 1177 deesset,
623 1119 862 1183 porrigere
888 1118 1057 1165 noluit.
1085 1122 1268 1165 Interea
1292 1118 1586 1165 advenerunt
1608 1119 1803 1182 quidam
1866 1138 1879 1150 ¹

397 1194 629 1254 dicentes,
663 1196 828 1242 missos
862 1211 911 1241 se
933 1211 961 1241 a
984 1195 1191 1242 dominis
1217 1195 1327 1254 suis,
1358 1205 1409 1241 ut
1431 1195 1495 1241 illi
1519 1211 1719 1242 annonae
1748 1213 1803 1243 ac

395 1272 494 1318 vini
536 1271 772 1318 deserrent
816 1272 1021 1335 speciem
1056 1291 1066 1318 ε
1106 1271 1190 1318 sed
1223 1289 1308 1336 per
1335 1271 1428 1319 hoc
1469 1288 1518 1319 se
1561 1282 1797 1334 moratos,

396 1348 528 1412 quod
558 1358 662 1395 orta
684 1359 934 1413 tempestas
963 1365 1108 1394 unam
1135 1349 1200 1395 eis
1229 1365 1339 1395 cum
1370 1349 1526 1396 tritico
1556 1348 1803 1396 abstulerit

397 1441 583 1472 navem.
627 1428 759 1472 Tunc
792 1426 861 1471 vir
890 1426 976 1471 Dei
1011 1441 1267 1472 conversus
1303 1425 1365 1472 ad
1397 1425 1665 1486 mulierem,
1700 1427 1762 1473 ait
1789 1445 1799 1474 ε

401 1521 424 1544 (ι
442 1501 650 1564 Intellige
681 1512 726 1548 te
756 1518 885 1548 nunc
912 1502 1108 1566 pauperi
1131 1519 1281 1548 unum
1306 1518 1477 1567 panem
1506 1502 1645 1549 fuisse
1678 1502 1803 1550 fura-

399 1588 512 1639 tam,
538 1588 585 1626 et
609 1578 716 1624 ideo
736 1578 859 1625 lianc
882 1594 1050 1625 navem
1071 1595 1169 1625 esse
1188 1595 1405 1626 mersam.
1425 1599 1446 1622 υ
1471 1579 1673 1626 Perrexit
1694 1596 1804 1642 ergo

397 1673 507 1703 cum
538 1655 740 1718 conjuge
763 1656 895 1718 quasi
918 1656 1268 1720 pergrinaturus
1291 1656 1339 1701 in
1369 1655 1508 1702 aliam
1536 1657 1800 1720 regionem,

398 1733 514 1779 nihil
544 1732 723 1779 habens
753 1742 920 1796 praeter
954 1742 1126 1778 statum
1156 1733 1419 1797 proprium.
1461 1735 1573 1779 Post
1602 1733 1805 1780 multum

399 1826 511 1857 vero
538 1819 745 1874 tempus,
771 1826 881 1856 cum
904 1809 963 1855 ab
994 1810 1162 1856 incolis
1186 1811 1387 1874 regionis
1417 1827 1510 1857 suae
1540 1811 1801 1874 requirere-

399 1897 498 1943 tur,
530 1903 618 1933 nec
649 1896 806 1951 posset
836 1887 1022 1950 penitus
1053 1888 1268 1951 reperiri,
1300 1887 1563 1950 negotiator
1603 1886 1662 1934 de
1694 1888 1805 1934 civi-

399 1974 492 2011 tate
523 1963 601 2009 illa
633 1963 695 2009 ad
726 1962 850 2010 hanc
873 1962 1040 2009 urbem
1074 1963 1286 2022 advenit,
1323 1964 1371 2009 in
1396 1979 1491 2027 qua
1528 1964 1599 2009 vir
1637 1964 1802 2012 beatus

399 2041 576 2088 coelesti
598 2040 804 2086 Domino
826 2039 1075 2086 serviebat.
1102 2042 1316 2103 Cumque
1338 2040 1527 2087 vidisset
1549 2057 1683 2098 eum,
1709 2050 1806 2088 sta-

400 2119 485 2165 tim
513 2117 765 2182 projiciens
797 2132 846 2162 se
879 2116 981 2162 solo
1000 2153 1011 2174 ‚
1055 2126 1100 2162 et
1131 2116 1275 2180 pedes
1309 2118 1457 2163 sancti
1487 2103 1802 2181 amplectens,

400 2196 464 2243 ait
489 2214 500 2242 ε
530 2215 551 2238 «
566 2195 650 2242 Hic
675 2204 744 2240 est
769 2194 934 2240 beatus
955 2194 1178 2241 Paulinus
1200 2204 1301 2240 toto
1326 2194 1538 2258 vulgatus
1557 2195 1691 2255 orbe,
1723 2197 1806 2259 qui

339 2306 350 2311 -
401 2272 606 2319 multum
635 2288 664 2319 a
694 2271 788 2318 suis
820 2270 999 2317 civibus
1032 2271 1268 2335 quaesitus,
1299 2288 1491 2335 prorsus
1521 2288 1620 2318 non
1649 2272 1806 2336 potuit

401 2349 658 2396 inveniri.»
697 2351 755 2394 Et
788 2364 983 2395 narrans
1019 2364 1184 2394 omnes
1223 2349 1431 2394 actiones
1470 2348 1600 2410 ejus,
1644 2348 1805 2394 obstu-

400 2435 607 2489 puerunt
638 2424 737 2471 haec
772 2424 1031 2471 audientes.
1069 2428 1163 2472 Nec
1198 2440 1331 2470 mora
1363 2425 1622 2471 decedente
1659 2441 1808 2472 sacer-

402 2502 514 2548 dote
542 2501 670 2566 apud
707 2501 937 2548 Nolanam
967 2501 1160 2562 urbem,
1201 2502 1299 2564 ipse
1327 2502 1375 2547 in
1405 2501 1566 2547 locum
1598 2501 1806 2565 episcopi

402 2578 701 2641 subrogatur.
735 2578 948 2625 Habebat
975 2588 1131 2624 autem
1160 2577 1355 2624 ecclesia
1383 2577 1462 2624 illa
1492 2577 1660 2623 multas
1688 2577 1806 2623 divi-

402 2653 505 2710 tias,
524 2653 829 2716 implevitque
852 2654 899 2699 in
917 2670 1028 2699 eum
1045 2654 1276 2699 Dominus
1293 2668 1396 2715 quae
1411 2667 1496 2715 per
1512 2651 1805 2713 evangelium

401 2731 677 2793 promittere
698 2740 768 2776 est
788 2729 1027 2792 dignatus,
1054 2731 1166 2793 quia
1188 2748 1198 2775 ε
1227 2749 1250 2771 (ι
1273 2730 1365 2786 Qui
1387 2728 1626 2792 reliquerit
1644 2729 1803 2774 omnia

403 2816 597 2870 propter
628 2823 733 2862 me,
772 2806 1048 2870 centuplum
1082 2807 1130 2853 in
1166 2806 1260 2853 hoc
1296 2805 1465 2851 saeculo
1500 2805 1720 2869 accipiet3
1757 2805 1803 2850 in

2051 960 2054 968 -
2050 837 2054 946 -.-,.Α-.
2046 611 2054 824 ..Α--..ᾂ-..Ηῌ
