2054 3450
463 367 539 403 230
747 368 758 375 '
975 367 1103 404 VITAE
1130 368 1344 405 PATRUM.

466 448 611 495 modo
628 448 706 496 hic
722 448 968 512 diligenter
983 460 1083 497 erat
1098 449 1382 510 custodienS,
1406 468 1570 498 verum
1593 453 1733 499 etiam
1751 468 1862 500 cus-

461 525 673 573 todiendi
699 527 896 590 gratiam
919 526 1020 574 aliis
1039 527 1212 590 jugiter
1236 526 1533 590 praedicabat,
1559 539 1604 575 et
1630 545 1656 576 a
1677 528 1860 593 polluto

462 613 587 651 tactu
609 612 654 650 et
678 602 833 650 verbis
858 602 1074 650 obscenis
1100 612 1151 649 ut
1173 603 1447 650 desisterent
1469 603 1714 652 edocebat.
1743 608 1860 652 Nam

462 679 620 726 recolo
652 680 699 726 in
735 679 1052 727 adolescentia
1085 696 1191 727 mea
1224 697 1333 727 cum
1363 679 1568 744 primum
1601 680 1860 729 litterarum

461 752 691 800 elementa
723 754 967 818 coepissem
997 770 1269 816 agnoscere,
1295 764 1340 800 et
1369 769 1517 800 essem
1546 753 1678 817 quasi
1708 757 1861 803 octavi

461 831 573 876 anni
595 846 713 890 aevo,
737 840 784 876 et
811 829 888 876 ille
914 830 1160 893 indignum
1186 847 1262 877 me
1284 829 1456 877 lectulo
1484 831 1628 878 locari
1652 831 1858 895 juberet,

458 922 512 952 ac
537 906 1291 969 paternae*dilectionis-dulcedine
1308 906 1419 952 ulna
1435 907 1708 972 susciperet,
1729 923 1863 955 oram

460 982 726 1029 indumenti
758 984 831 1030 sui
859 982 1065 1030 articulis
1092 983 1337 1048 arripiens,
1364 984 1428 1030 ita
1451 1000 1500 1029 se
1528 983 1719 1031 colobio
1740 1000 1860 1031 con-

459 1059 697 1118 cludebat,
728 1070 780 1107 ut
805 1077 1053 1123 nunquam
1081 1058 1208 1107 artus
1235 1061 1328 1107 mei
1354 1060 1490 1109 beata
1522 1062 1622 1123 ejus
1650 1061 1863 1110 membra

458 1137 803 1199 contingerent.
826 1138 1095 1197 intuemini,
1115 1154 1290 1200 quaeso,
1316 1148 1362 1184 et
1383 1138 1611 1185 advertite
1629 1139 1861 1186 cautelam

458 1213 543 1259 viri
567 1212 682 1260 Dei!
717 1214 858 1271 Quod
882 1215 919 1261 si
944 1213 1005 1260 ab
1035 1214 1251 1260 infantuli
1284 1214 1495 1274 artubus,
1530 1215 1577 1261 in
1613 1232 1710 1278 quo
1744 1215 1861 1262 nulli

458 1289 615 1336 adhuc
637 1305 736 1336 esse
759 1300 976 1354 poterant
997 1290 1170 1336 stimuli
1195 1291 1608 1354 concupiscentiae,
1634 1291 1765 1339 nulla
1787 1292 1860 1338 in-

457 1365 709 1413 citamenta
730 1366 939 1426 luxuriae,
966 1367 1031 1414 ita
1052 1383 1119 1426 se,
1146 1383 1205 1413 ne
1223 1366 1282 1412 ab
1307 1367 1407 1430 ejus
1429 1366 1624 1413 artubus
1647 1378 1861 1430 tangere-

459 1452 550 1501 tur,
586 1443 833 1499 abstinuit;
863 1445 1062 1508 qualiter
1092 1445 1151 1492 de
1186 1445 1293 1491 loco
1325 1445 1408 1492 ubi
1438 1445 1642 1508 suspicio
1667 1444 1862 1492 luxuriae

457 1535 556 1566 esse
577 1521 747 1583 potuit,
769 1520 845 1567 ille
862 1521 1058 1583 refugit?
1084 1524 1193 1567 Erat
1217 1521 1364 1580 enini,
1386 1530 1438 1567 ut
1462 1521 1681 1579 diximuS,
1707 1531 1862 1569 castus

458 1612 678 1660 corpore,
700 1596 908 1643 mundus
926 1597 1087 1658 corde,
1114 1614 1210 1642 non
1235 1597 1284 1643 in
1303 1596 1580 1643 scurrilitate
1598 1596 1740 1644 verba
1756 1614 1862 1662 pro-

458 1671 626 1728 ferens,
666 1671 750 1719 sed
779 1688 965 1737 semper
995 1689 1098 1736 quae
1132 1673 1219 1719 Dei
1257 1682 1367 1720 sunt
1401 1674 1619 1735 loquens.
1659 1675 1717 1719 Et
1753 1673 1861 1721 licet

458 1765 625 1795 omnes
643 1748 862 1796 homines
884 1750 932 1796 in
957 1749 1037 1796 illo
1059 1749 1259 1796 coelestis
1276 1749 1515 1797 charitatis
1538 1750 1727 1796 vinculo
1747 1749 1860 1797 dili-

459 1835 603 1887 geret,
626 1826 764 1872 matri
786 1835 943 1872 tamen
965 1826 1030 1874 ita
1051 1835 1151 1873 erat
1173 1825 1407 1883 subditus,
1433 1836 1484 1873 ut
1503 1827 1635 1890 quasi
1661 1843 1782 1873 unus
1803 1843 1859 1874 ex

460 1901 642 1948 famulis
665 1901 929 1948 obaudiret.

520 1979 568 2025 3.
606 1979 821 2041 Denique
841 1989 1094 2041 aegrotante
1113 1978 1364 2026 Sacerdote
1389 1978 1684 2041 Lugdunensi
1709 1980 1859 2026 antis-

456 2054 537 2100 tite
561 2054 609 2100 in
634 2054 750 2100 urbe
776 2055 1018 2115 Parisiaca,
1044 2071 1154 2101 cum
1181 2071 1207 2101 a
1229 2054 1532 2102 Childeberto
1552 2056 1736 2102 seniore
1758 2071 1858 2102 ma-

456 2147 549 2194 gno
566 2147 729 2178 amore
751 2130 1035 2195 diligeretur,
1062 2132 1210 2178 voluit
1232 2148 1311 2178 rex
1335 2148 1484 2194 usque
1505 2131 1566 2178 ad
1589 2132 1688 2195 ejus
1711 2131 1858 2179 lectu-

455 2207 553 2253 lum
593 2207 853 2270 proficisci,
890 2224 945 2254 ac
981 2208 1164 2254 visitare
1198 2206 1456 2253 infirmum.
1498 2210 1606 2264 Quo
1639 2208 1859 2254 veniente

457 2284 519 2330 ait
540 2283 813 2349 episcopus:
839 2304 860 2327 α
872 2284 1060 2348 Optime
1081 2284 1220 2340 nosti,
1238 2299 1268 2330 o
1286 2299 1366 2330 rex
1384 2283 1604 2347 piissime,
1623 2282 1754 2347 quod
1773 2283 1857 2331 tibi

456 2362 503 2406 in
539 2359 761 2406 omnibus
794 2359 1144 2407 necessitatibus
1177 2360 1267 2406 tuis
1293 2359 1493 2406 fideliter
1515 2359 1774 2420 servierim,
1801 2377 1858 2408 ac

455 2452 766 2500 quaecumque
794 2436 1032 2499 injunxisti
1062 2436 1232 2483 devote
1261 2435 1578 2500 impleveriin3
1601 2451 1729 2483 nunc
1751 2453 1859 2501 pre-

454 2528 536 2558 cor
561 2521 611 2559 ut
641 2514 753 2577 quia
776 2523 964 2577 tempus
993 2513 1293 2559 resolutionis
1323 2529 1437 2559 meae
1459 2511 1608 2570 adest,
1629 2529 1688 2559 ne
1707 2513 1858 2560 dimit-

454 2598 521 2635 tas
541 2606 617 2636 me
634 2589 694 2636 ab
715 2588 810 2635 hoc
826 2589 1008 2636 mundo
1026 2606 1135 2636 cum
1154 2589 1320 2646 dolore
1333 2588 1598 2649 discedere3
1615 2587 1695 2635 sed
1713 2588 1855 2636 unain

450 2665 728 2728 petitionem
752 2681 895 2729 quam
918 2665 1137 2729 supplico
1161 2664 1365 2711 libenter
1386 2662 1592 2726 indulge.
1611 2683 1643 2709 n,
1662 2666 1719 2710 Et
1742 2664 1818 2710 ille
1840 2682 1852 2710 z

456 2761 478 2783 t<
506 2744 634 2802 Pete,
663 2742 834 2805 inquit,
860 2745 991 2805 quod
1020 2740 1226 2788 volueris
1253 2750 1300 2801 et
1329 2739 1581 2787 obtinebis.
1607 2760 1629 2783 ›>
1655 2761 1675 2784 «
1699 2743 1871 2805 Rogo„

447 2817 527 2877 ait,
549 2826 602 2863 ut
619 2818 823 2864 Nicetius
843 2817 1104 2881 presbyter,
1121 2833 1270 2881 nepos
1280 2832 1431 2876 meus,
1448 2815 1652 2864 ecclesiae
1674 2817 1856 2880 Lugdu-
