2054 3450
376 318 452 353 262
532 286 538 290 ’
891 315 1018 351 vrrAE
1045 314 1266 354 PATRUM.

374 388 480 467 ffliis
501 401 722 472 fratribus
744 400 903 450 cibum
926 417 1076 462 sume,
1097 411 1180 450 aut
1200 411 1327 450 certe
1349 401 1538 451 discede
1560 419 1589 451 a
1610 402 1781 463 nobis;

375 478 474 529 non
491 479 619 528 enim
637 488 819 528 rectum
837 478 1026 527 videtur
1045 488 1097 528 ut
1112 477 1376 527 dissimules
1390 496 1500 529 cum
1516 479 1590 530 his
1606 480 1783 530 habere

374 557 579 614 victum,
618 572 728 604 cum
766 554 938 621 quibus
973 556 1340 605 ecclesiasticum
1375 555 1571 621 implere
1611 557 1788 622 putaris

375 633 604 714 officium.
629 655 651 677 »

439 714 487 761 2.
503 714 608 759 Non
620 721 686 759 est
703 720 861 758 autem
876 710 935 757 de
952 710 1025 757 his
1038 727 1200 758 servus
1214 711 1301 757 Dei
1318 720 1588 759 commotus
1604 711 1785 772 animo,

375 790 458 856 qui
485 789 585 854 jam
618 789 763 836 eremi
795 787 980 835 sitiebat
1012 787 1143 835 adire
1169 797 1443 835 secretum:
1477 786 1560 836 sed
1583 786 1643 834 ab
1670 786 1788 838 urbe

375 883 585 930 egressus
596 876 872 924 memorata,
888 866 1016 912 venit
1034 865 1094 911 ad
1114 865 1270 911 vicum
1286 865 1604 923 Nereensem¹,
1626 863 1788 930 ibique

375 941 605 990 aedificato
629 942 859 1000 oratori0‚
879 942 1027 989 sancti
1050 942 1238 989 Martini
1254 941 1462 1005 reliquiis
1487 950 1786 1001 consecrato,

378 1036 550 1084 pueros
573 1019 760 1067 erudire
783 1019 925 1083 coepit
951 1019 999 1065 in
1028 1018 1195 1066 studiis
1221 1018 1501 1065 litterarum.
1527 1017 1792 1066 Veniebant

378 1107 535 1145 autem
561 1097 622 1144 ad
651 1114 762 1144 eum
793 1095 969 1143 infirmi
1001 1106 1046 1143 et
1074 1094 1381 1154 sanabantur,
1418 1104 1558 1157 atque
1593 1110 1793 1158 energu-

380 1175 507 1221 meni
538 1191 715 1221 nomen
750 1175 850 1238 ejus
880 1172 1161 1220 confitentes
1188 1171 1572 1220 emundabantur
1595 1190 1605 1217 ε
1628 1188 1717 1219 nec
1748 1172 1792 1218 ei

380 1261 479 1300 erat
501 1251 710 1299 solitudo
733 1259 785 1298 ut
810 1250 1050 1310 voluerat,
1076 1249 1159 1297 sed
1192 1249 1422 1313 patefacta
1453 1248 1600 1296 virtus
1633 1247 1791 1313 publi-

380 1344 490 1376 cum
514 1342 854 1391 usquequaque
877 1325 1122 1374 reddebat.
1147 1327 1277 1375 Tunc
1301 1341 1390 1392 pro
1415 1324 1623 1389 auspicio
1652 1323 1791 1388 quid-

381 1405 492 1452 dam
516 1403 740 1452 brevibus
761 1404 1039 1468 conscriptis
1062 1402 1218 1469 posuit
1241 1418 1383 1466 super
1404 1401 1567 1461 altare,
1597 1401 1792 1465 vigilans

382 1492 428 1529 et
456 1498 598 1530 orans
629 1481 781 1530 tribus
805 1480 1052 1540 noctibus,
1088 1490 1139 1526 ut
1167 1478 1282 1545 quid
1317 1479 1359 1525 ei
1389 1479 1623 1527 Dominus
1656 1494 1793 1544 agere

377 1559 591 1625 Juberet‚
617 1559 888 1623 dignaretur
911 1558 1283 1606 manifestissime
1303 1556 1558 1604 declarare.
1584 1555 1676 1604 Sed
1694 1556 1794 1623 pie-

383 1638 491 1684 tatis
506 1636 675 1683 divinae
695 1635 871 1700 inclyta
890 1635 1144 1694 miseratio,
1168 1650 1271 1699 quae
1290 1650 1400 1680 eum
1424 1633 1670 1698 praesciens
1691 1648 1792 1680 ere-

387 1714 549 1761 mitam
573 1730 672 1761 esse
700 1713 995 1770 decreverat,
1022 1710 1217 1758 brevem
1243 1709 1374 1757 illum
1399 1710 1612 1775 accipere
1630 1708 1789 1773 jubet,

386 1800 438 1838 ut
459 1790 520 1838 ad
543 1807 754 1838 eremum
782 1798 1071 1854 properaret.
1096 1788 1177 1835 Ille
1193 1798 1350 1835 autem
1374 1787 1421 1834 in
1439 1787 1608 1834 cellula
1629 1788 1677 1834 in
1697 1803 1793 1852 qua

385 1867 602 1930 degebat„
623 1867 916 1930 congregatis
935 1865 1211 1930 virginibus,
1240 1864 1578 1911 monasterium
1596 1864 1795 1911 instituit

387 1944 678 2022 puellarum,
716 1943 836 1990 nihil
870 1944 930 1990 de
962 1943 1095 1989 omni
1131 1942 1294 1989 labore
1325 1958 1412 1988 suo
1447 1941 1580 2005 quod
1616 1940 1793 1989 ibidem

386 2017 710 2085 aggregaverat
743 2037 853 2068 cum
889 2018 1160 2068 abscederet
1195 2035 1415 2077 sumens,
1465 2018 1555 2065 nisi
1592 2028 1794 2066 rastrum

389 2113 562 2156 unum,
590 2113 830 2178 unamque
852 2095 1144 2160 bipennem.
1170 2095 1496 2181 ingressusque
1519 2094 1633 2143 altas
1656 2094 1794 2143 silva·

387 2190 494 2223 rum
517 2149 809 2232 solitudines,
832 2173 959 2238 venit
975 2172 1036 2220 ad
1054 2172 1212 2221 locum
1236 2172 1317 2258 qui
1337 2171 1509 2221 dicitur
1531 2171 1796 2220 Mediocan-

388 2260 486 2307 tus3
521 2250 681 2314 ibique
709 2259 982 2299 constructa
1009 2247 1205 2308 cellula,
1238 2249 1285 2294 in
1317 2263 1461 2315 opere
1493 2246 1625 2314 quod
1652 2262 1798 2312 supra

388 2326 613 2389 diximus,
640 2329 741 2393 Deo
766 2326 984 2386 vacabat;
1016 2334 1156 2390 atque
1183 2323 1302 2372 inibi
1322 2341 1434 2371 cum
1460 2325 1632 2371 multos
1661 2340 1796 2371 ener-

389 2420 636 2466 gumenos,
663 2420 806 2451 manu
831 2404 1051 2468 imposita
1096 2419 1180 2467 per
1200 2403 1235 2448 si
1270 2419 1384 2448 num
1407 2402 1560 2448 crucis
1583 2401 1797 2463 effugatis

390 2480 708 2540 daemonibus,
740 2490 898 2527 mente
921 2439 1107 2546 integ&
1128 2465 1247 2535 redd
1264 2478 1430 2548 disset,
1457 2495 1580 2526 unus
1603 2477 1666 2525 ad
1685 2493 1794 2524 eum

390 2556 621 2604 adductus
643 2568 711 2604 est
732 2557 944 2615 rabidus,
970 2557 1054 2621 qui
1073 2552 1267 2603 rictibus
1284 2555 1467 2620 patulis„
1480 2552 1795 2620 dentibusque

387 2635 619 2694 cruentis,
668 2634 797 2698 quod
837 2635 1063 2698 attingere
1108 2642 1300 2699 poterat,
1333 2632 1556 2679 dentibus
1591 2632 1795 2697 propriis

1380 2704 1393 2722 .

437 2802 490 2848 (1)
518 2800 619 2850 Bal„
639 2804 887 2850 Mereensem,
903 2809 941 2840 et
965 2801 1018 2840 sic
1036 2800 1150 2839 infra.
1173 2779 1568 2850 (R.)-1i⁷ereenstm,
1589 2799 1710 2839 2204.
1762 2826 1776 2841 ν

2031 31 2049 105 ³2
