2054 3450
399 321 476 359 238
700 322 709 329 ”
915 325 1043 361 VITAE
1070 325 1231 361 PATRU
1239 326 1271 361 M
1279 355 1287 362 .

400 419 450 455 ut
483 411 606 473 ipsas
633 427 825 474 quoque
858 411 1024 458 salivas
1057 412 1154 459 oris
1188 412 1263 459 vix
1296 429 1407 460 cum
1438 413 1600 461 labore
1647 425 1804 480 posset

400 487 604 533 maximo
635 487 880 551 deglutire.
916 488 1053 535 Unde
1084 488 1260 535 factum
1293 498 1361 535 est
1388 499 1438 536 ut
1461 507 1546 554 per
1567 490 1667 538 dies
1686 508 1803 556 qua-

397 562 613 626 draginta
633 564 806 611 lec'tulo
838 564 1078 612 decubans
1111 566 1311 629 graviter
1333 566 1620 614 cruciaretur
1649 585 1660 614 :
1698 569 1799 628 sed,

398 642 617 688 invocato
645 642 925 690 confessoris
962 643 1174 702 nomine,
1212 643 1396 690 sanitati
1431 642 1660 706 redditus,
1681 662 1804 692 nun-

395 733 538 781 quam
563 734 704 766 ausus
728 729 795 766 est
817 735 872 766 ea
891 718 1036 767 verba
1052 736 1156 784 quae
1178 720 1307 784 prius
1327 731 1683 785 praesumpserat
1700 739 1804 786 gar·

397 794 566 842 rulare.
585 798 642 841 Et
654 796 763 859 quia
778 797 996 843 novimus
1007 799 1218 844 Priscum
1231 796 1508 862 episcopum
1517 797 1628 844 huic
1641 808 1804 846 sancto

395 888 581 937 semper
606 873 744 919 fuisse
768 872 1035 931 adversum,
1061 874 1264 920 diacono
1289 873 1479 921 cuidam
1505 874 1646 938 hujus
1667 891 1802 922 casu-

395 947 513 996 lam¹
543 948 719 995 tribuit.
750 951 856 995 Erat
878 959 1037 996 autem
1068 949 1242 1009 valida,
1275 965 1335 996 eo
1362 949 1494 1013 quod
1523 959 1569 997 et
1602 950 1703 1015 ipse
1734 952 1806 998 vir

398 1025 482 1071 Dei
506 1024 704 1072 robusto
734 1025 893 1072 fuisset
918 1042 1137 1091 corpore.
1166 1028 1353 1091 Cappa’
1373 1036 1532 1073 autem
1562 1026 1703 1091 hujus
1737 1027 1803 1074 in-

395 1100 609 1148 dumenti
634 1102 699 1149 ita
722 1102 915 1149 dilatata
946 1112 1043 1149 erat
1074 1112 1217 1166 atque
1245 1112 1462 1159 consuta,
1497 1113 1545 1150 ut
1574 1103 1727 1151 solent
1755 1105 1801 1151 in

395 1179 484 1225 illis
505 1178 718 1226 candidis
739 1178 839 1226 fieri
862 1196 964 1243 quae
986 1197 1070 1244 per
1094 1180 1333 1227 Paschalia
1365 1180 1477 1228 festa
1505 1180 1802 1228 sacerdotum

395 1256 604 1303 humeris
627 1257 963 1321 imponuntur3
992 1256 1186 1320 ibatque
1211 1256 1440 1304 diaconus
1458 1274 1568 1304 curn
1591 1257 1684 1304 hoc
1704 1275 1804 1306 ves-

396 1335 593 1380 timento
623 1334 905 1393 discurrens,
939 1351 994 1381 ac
1020 1334 1366 1399 parvipendens
1396 1334 1457 1381 de
1485 1335 1620 1398 cujus
1642 1334 1803 1383 usibus

395 1411 711 1470 remansisset,
738 1411 830 1457 hoc
852 1410 1034 1458 liabens
1049 1411 1098 1457 in
1121 1410 1311 1469 lectulo,
1333 1410 1427 1457 hoc
1449 1420 1586 1458 utens
1607 1412 1654 1457 in
1675 1411 1798 1471 foro,

394 1486 454 1533 de
472 1487 606 1550 cujus
628 1487 842 1547 fimbriis,
865 1488 902 1533 si
925 1486 1177 1534 credulitas
1203 1498 1330 1534 certa
1359 1487 1533 1548 fuisset,
1564 1486 1699 1534 reddi
1721 1503 1803 1552 po-

394 1564 480 1611 tuit
503 1565 628 1611 salus
655 1563 871 1611 infirmis.
910 1564 998 1610 Cui
1027 1564 1092 1611 ait
1125 1563 1320 1628 quidam
1346 1582 1356 1610 ε
1393 1583 1414 1607 α
1450 1566 1493 1610 Ο
1517 1563 1735 1621 diacone,
1763 1565 1800 1611 si

393 1641 532 1687 scires
549 1642 768 1688 virtutem
788 1642 891 1701 Dei,
908 1651 954 1687 et
965 1641 1072 1704 quis
1090 1641 1174 1687 fuit
1191 1641 1324 1705 cujus
1340 1641 1619 1688 vestimento
1638 1642 1797 1703 uteris,

392 1719 572 1765 cautius
595 1729 641 1765 te
662 1734 772 1765 cum
797 1735 855 1765 eo
881 1718 1036 1765 vivere
1055 1717 1321 1783 oportebat.
1343 1739 1366 1762 >2
1386 1718 1472 1766 Cui
1494 1718 1598 1765 ille:
1620 1738 1642 1763 «
1660 1721 1797 1780 Vere,

392 1795 563 1858 inquit,
589 1796 698 1842 dico
731 1795 831 1851 tibi,
860 1796 971 1859 quia
993 1805 1040 1842 et
1063 1795 1153 1842 hac
1180 1795 1338 1843 casula
1361 1805 1494 1859 tergo
1522 1804 1645 1854 utor,
1672 1805 1718 1843 et
1739 1795 1800 1844 de

392 1888 530 1936 capsa
556 1873 656 1936 ejus
676 1883 806 1937 parte
831 1873 1084 1938 prolixiore
1107 1872 1263 1920 decisa
1283 1882 1501 1936 tegumen
1528 1871 1704 1936 pedum
1721 1889 1800 1937 ap-

392 1948 521 1995 tabo.
543 1967 566 1992 »
585 1950 709 1997 Fecit
722 1949 847 1996 illico
865 1950 1004 1996 miser
1016 1949 1146 2011 quod
1159 1949 1390 2013 pollicitus
1403 1959 1488 2010 est,
1499 1959 1799 2013 suscepturus

391 2026 605 2088 protinus
637 2024 783 2071 divini
812 2025 977 2088 judicii
1015 2024 1262 2071 ultionem.
1313 2027 1489 2071 Verum
1520 2024 1601 2071 ubi
1636 2025 1797 2072 deciso

389 2100 575 2147 cucullo
595 2102 762 2165 aptatis
783 2100 964 2165 pedulis
979 2100 1122 2165 pedes
1146 2101 1350 2166 operuit,
1375 2101 1611 2166 extemplo
1634 2117 1798 2167 arrep-

390 2186 465 2224 tus
488 2194 517 2225 a
541 2178 757 2224 daemone
780 2179 872 2224 ruit
908 2179 956 2223 in
982 2178 1268 2242 pavimento.
1302 2181 1409 2224 Erat
1439 2179 1564 2224 enim
1590 2178 1725 2224 solus
1747 2178 1795 2224 in

389 2254 554 2312 donno,
568 2271 655 2301 nec
666 2263 766 2302 erat
776 2254 857 2318 qui
868 2264 1162 2301 succurreret
1173 2255 1361 2300 misero.
1378 2256 1592 2318 Cumque
1605 2269 1796 2318 spumas

388 2341 605 2378 cruentas
623 2348 706 2378 ore
726 2331 990 2396 projiceret,
1009 2331 1208 2377 extensis
1225 2330 1283 2377 ad
1299 2330 1457 2377 focum
1476 2330 1692 2395 pedibus,
1710 2345 1769 2394 pe
1781 2356 1795 2366 -

388 2408 468 2455 des
488 2425 597 2455 cum
613 2408 863 2473 pedulibus
883 2408 1002 2471 ignis
1028 2407 1198 2472 pariter
1210 2407 1470 2455 devoravit.
1489 2410 1720 2455 Hactenus
1735 2406 1795 2453 de

389 2485 664 2532 ultionibus.

439 2625 497 2678 (1)
526 2624 659 2673 Colb.‚
687 2624 806 2671 infra,
839 2623 1068 2662 cambutam.
1103 2624 1222 2676 Bell„
1257 2624 1459 2664 casublam.
1480 2623 1621 2670 Laud„
1657 2623 1791 2661 cabsa-

389 2684 646 2795 latllffil)({gud.
672 2752 709 2780 et
727 2743 900 2794 plerique
918 2743 1010 2780 edit.
1031 2756 1159 2793 capsa.
1181 2742 1276 2782 Vide
1291 2742 1488 2781 Mabillon.
1510 2741 1576 2780 lib.
1599 2745 1618 2780 I
1635 2741 1784 2795 Liturg.

386 2802 521 2842 Gallie.
542 2815 628 2853 cap.
649 2805 688 2852 7,
711 2815 751 2840 n.
775 2803 815 2840 2.
835 2800 922 2853 (R.)
