2054 3450
392 347 467 382 296
903 343 1032 380 VITAE
1059 342 1279 379 PATRUM.

389 432 573 496 scripsit
604 447 748 495 quam
790 430 1050 477 litterarum
1088 428 1255 475 seriem
1291 428 1600 490 cognovisset.
1644 428 1790 487 Exin,

389 518 582 555 mortuo
604 506 862 570 Sigivaldo‚
893 505 954 553 ad
978 504 1268 553 antedictum
1299 519 1460 551 senem
1485 513 1723 568 properat,
1750 512 1796 550 et

387 602 498 632 cum
534 584 706 632 eodem
740 583 860 630 duos
893 582 967 630 vel
998 592 1091 629 tres
1120 597 1273 629 annos
1305 579 1494 639 facienS,
1524 579 1795 644 psalterium

389 661 630 709 memoriae
648 659 1015 708 commendavit.
1034 661 1191 717 Quem
1209 657 1308 721 ejus
1326 671 1578 720 germanus
1592 655 1796 719 plerum-

389 755 482 804 que
507 737 771 786 interficere
801 736 967 794 voluit,
993 735 1125 801 quod
1150 735 1298 782 nollet
1322 733 1626 781 matrimonio
1646 749 1794 799 copu-

390 816 491 864 lari.
518 815 703 862 Dehinc
721 813 945 862 monachi
968 813 1028 860 ad
1055 829 1137 861 eos
1155 812 1303 859 additi
1327 820 1451 858 sunt.

455 894 503 939 3.
542 892 751 956 Impletis
784 901 942 939 autem
979 890 1144 938 beatus
1175 889 1454 936 AEmilianus
1493 886 1662 935 diebus
1695 888 1800 935 vitae

389 986 482 1016 suae
505 978 551 1016 et
572 968 757 1016 circiter
770 968 1088 1030 nonagenaria
1111 977 1261 1023 aetate,
1290 966 1535 1028 egrediens
1554 981 1579 1012 a
1600 981 1801 1029 corpore

394 1046 701 1094 Brachionem
724 1046 915 1110 reliquit
936 1044 1190 1092 haeredem.
1226 1045 1312 1091 Hic
1336 1043 1540 1090 stabilito
1566 1054 1801 1091 monaste-

391 1124 480 1184 rio,
515 1123 722 1170 obtinuit
747 1140 777 1171 a
810 1122 1124 1182 Ranichilde¹,
1164 1121 1384 1185 sigivaldi
1413 1122 1662 1167 memorati
1686 1119 1798 1180 filia,

392 1200 540 1247 multa
560 1210 790 1248 terrarum
815 1201 982 1264 spatia,
1009 1216 1113 1263 quae
1143 1199 1205 1246 ad
1237 1199 1330 1245 hoc
1355 1198 1691 1244 monasterium
1717 1196 1800 1243 de-

392 1277 602 1341 reliquit;
638 1286 738 1324 erat
765 1277 892 1323 enim
921 1275 1066 1323 saltus
1094 1292 1151 1323 ex
1174 1275 1320 1322 domo
1346 1274 1684 1321 Vindiacensi².
1715 1273 1802 1320 Hic

392 1371 506 1401 vero
531 1354 591 1401 de
619 1353 713 1401 hoc
743 1370 954 1416 egressus
985 1353 1298 1412 monasterio,
1332 1352 1532 1399 Turonis
1560 1352 1690 1398 venit
1715 1351 1802 1397 ibi-

393 1447 485 1494 que
507 1429 746 1477 aedificatis
775 1430 1009 1491 oratoriis,
1041 1430 1140 1477 duo
1171 1429 1457 1475 monasteria
1481 1427 1799 1490 congregavit.

392 1506 612 1563 Quodam
649 1515 806 1553 autem
844 1516 1055 1571 tempore
1089 1505 1393 1553 advenientes
1424 1505 1644 1551 homines
1670 1520 1804 1569 pere-

392 1584 513 1647 grini
536 1583 756 1647 reliquias
779 1592 1054 1630 sanctorum
1081 1582 1353 1629 detulerunt
1375 1598 1552 1641 secum,
1581 1597 1700 1645 quas
1724 1597 1802 1628 su·

393 1677 477 1725 per
501 1660 645 1707 altare
668 1659 868 1706 basilicae
898 1660 1045 1707 sancti
1072 1659 1261 1706 Martini
1282 1659 1481 1705 Turonis
1509 1658 1802 1717 locaverunt,

393 1738 527 1802 quasi
544 1738 592 1783 in
610 1737 865 1784 crastinum
890 1737 1162 1801 profecturi.
1186 1735 1345 1783 Adfuit
1361 1737 1402 1783 ei
1420 1735 1644 1783 Braccliio
1658 1735 1802 1791 abba,

393 1815 478 1880 qui
499 1814 695 1878 vigilans
719 1817 769 1861 in
792 1813 998 1871 basilica,
1025 1815 1150 1860 cIrca
1172 1813 1383 1860 medium
1407 1813 1503 1860 fere
1520 1813 1673 1859 noctis
1691 1812 1807 1858 vidit

394 1891 530 1955 quasi
565 1890 760 1952 globum
800 1891 919 1953 ignis
958 1891 1177 1936 immensi
1216 1889 1276 1936 de
1316 1889 1487 1936 sanctis
1530 1887 1807 1954 pignoribus

395 1968 598 2014 emicare
632 1976 679 2012 et
716 1983 864 2030 usque
903 1966 966 2014 ad
1005 1965 1170 2030 templi
1209 1981 1447 2012 cameram
1482 1981 1591 2011 cum
1627 1964 1806 2010 lumine

397 2059 571 2107 magno
602 2042 938 2089 conscendere.
978 2042 1121 2099 Quod
1154 2058 1251 2088 non
1288 2050 1359 2088 est
1393 2041 1595 2088 dubium
1628 2039 1805 2103 aliquid

396 2121 534 2167 fuisse
566 2119 813 2166 divinum:
845 2118 962 2165 nulli
994 2128 1152 2166 tamen
1186 2118 1246 2166 de
1281 2118 1539 2165 astantibus
1571 2118 1689 2176 aliis,
1719 2117 1808 2164 nisi

397 2198 464 2245 illi
500 2207 685 2244 tautum
720 2196 807 2243 fuit
840 2206 1101 2243 ostensum.
1149 2199 1262 2242 Post
1300 2194 1400 2242 haec
1438 2204 1596 2242 autem
1638 2211 1810 2257 regres-

399 2292 477 2321 sus
502 2283 571 2321 est
594 2276 855 2320 Arvernum
886 2272 948 2320 ad
969 2273 1098 2337 prius
1126 2271 1486 2332 monasterium,
1520 2272 1570 2317 in
1602 2287 1698 2334 quo
1724 2287 1808 2335 per

399 2347 611 2416 quinque
644 2366 796 2397 annos
820 2349 1113 2410 inhabitans,
1154 2349 1282 2396 venit
1314 2348 1531 2405 Turonis,
1569 2347 1806 2395 stabilitis·

398 2444 491 2492 que
523 2426 772 2473 abbatibus
803 2427 852 2472 in
883 2426 1180 2474 monasteriis
1212 2425 1508 2490 supradictis,
1546 2426 1806 2472 Arvernum

399 2520 636 2568 regressus
663 2513 748 2550 est.
773 2505 989 2567 Cumque
1009 2503 1070 2550 ad
1091 2503 1298 2568 priorem
1321 2501 1539 2575 cellulam
1563 2500 1804 2558 resideret,

404 2609 1808 2641 -.-....-------τ--,-

455 2699 512 2752 (1)
543 2701 603 2739 Sic
618 2696 726 2740 Colb,
736 2699 875 2750 ‚.,Bad
892 2691 993 2739 Gon.
1001 2707 1066 2747 ‚et
1081 2699 1229 2745 caeteri3
1245 2697 1339 2736 Bell.
1355 2709 1448 2735 vero
1458 2695 1574 2734 habet
1589 2697 1824 2743 Ranihilde,

401 2758 506 2809 quod
522 2759 681 2810 perinde
701 2767 778 2807 est;
801 2759 901 2804 Bal„
919 2760 1163 2805 Rachinilde‚·
1185 2766 1222 2795 et
1238 2755 1378 2804 Laud„
1394 2756 1610 2793 Rahinilde.
1635 2753 1694 2805 (R
1688 2751 1717 2806 .)

455 2817 513 2869 (2)
542 2817 667 2865 Colb.,
689 2821 725 2854 V
724 2820 986 2857 zndzczacense
1008 2817 1092 2869 (R.)
