2054 3450
415 363 490 401 366
929 362 1054 400 VITAE
1082 363 1299 402 PATRUM.

412 448 553 495 bricae
575 458 728 495 rotam
754 448 800 494 in
842 465 1011 512 magna
1035 449 1327 498 volubilitate
1351 460 1531 500 vertere
1555 453 1660 500 fecit
1683 472 1692 498 :
1722 453 1816 501 hoc

413 542 555 590 opere
582 525 794 573 laborem
823 527 1166 574 monachorum
1200 528 1427 588 relevans,
1457 538 1596 593 atque
1623 532 1705 578 uni
1726 532 1816 579 fra-

411 611 537 648 trum
569 602 816 666 delegans,
845 619 965 667 opus
998 605 1312 652 necessarium
1350 604 1650 670 implebatur.
1688 610 1820 655 Hanc

412 689 569 725 autem
594 678 818 726 fabricam
842 680 1117 728 Sichlarius¹
1141 681 1335 745 quidam
1369 681 1589 742 Gotthus‚
1615 682 1698 747 qui
1719 699 1820 730 ma-

411 772 505 819 gno
527 772 638 802 cum
661 755 843 804 Alarico
870 773 979 821 rege
997 773 1160 804 amore
1182 758 1482 822 diligebatur,
1505 759 1700 806 aemulus
1722 775 1821 806 mo·

413 833 615 879 nasterio
641 834 935 897 concupivit,
977 834 1186 898 dixitque
1222 834 1383 882 abbati
1418 853 1428 880 :
1469 855 1491 879 «ι
1525 839 1666 882 Dona
1704 835 1822 883 mihi

412 908 505 956 hoc
524 909 872 969 molendinum,
902 920 953 957 ut
979 912 1036 958 sit
1059 911 1146 958 sub
1166 911 1348 960 ditione
1373 929 1494 973 mea,
1518 923 1563 960 et
1587 913 1718 977 quod
1741 930 1822 961 vo-

412 985 553 1032 lueris
575 986 855 1051 repensabo.
889 1007 909 1031 »ι
937 988 1023 1035 Cui
1059 988 1136 1035 ille
1168 1007 1178 1035 ε
1220 1010 1242 1032 α
1279 991 1399 1037 Cum
1425 989 1607 1053 grandi,
1647 989 1819 1055 inquit,

411 1063 505 1110 hoc
541 1063 701 1111 labore
743 1075 993 1130 paupertas
1038 1076 1198 1114 nostra
1239 1068 1423 1129 statuit,
1467 1078 1514 1115 et
1553 1085 1682 1115 nunc
1723 1084 1822 1115 non

413 1156 663 1205 possumus
705 1141 857 1206 ipsum
893 1142 1101 1203 donare,
1145 1160 1205 1192 ne
1247 1143 1410 1192 fratres
1448 1145 1541 1191 mei
1579 1144 1702 1192 fame
1738 1161 1821 1209 pe-

413 1227 562 1264 reant.
591 1238 613 1261 »
644 1221 700 1264 Et
724 1217 831 1265 ille:
870 1238 892 1262 (ι
921 1221 968 1266 Si
998 1220 1084 1281 vis,
1114 1220 1284 1284 inquit,
1311 1221 1466 1286 ipsum
1497 1221 1626 1268 bona
1654 1222 1821 1268 volun-

412 1303 504 1341 tate
528 1294 750 1355 tribuere,
790 1297 960 1358 gratias
984 1312 1101 1359 ago3
1131 1297 1202 1343 sin
1237 1298 1388 1356 aliud,
1415 1298 1463 1344 vi
1499 1298 1655 1362 ipsum
1693 1297 1821 1345 aufe-

411 1386 512 1418 ram
548 1389 558 1416 :
608 1382 687 1418 aut
728 1381 853 1419 certe
890 1373 1057 1419 faciam
1099 1374 1253 1434 aliud,
1299 1374 1434 1438 cujus
1470 1374 1669 1421 exclusis
1700 1390 1822 1438 aqua

411 1457 672 1494 retrorsum
690 1465 936 1508 conversa,
963 1459 1117 1496 rotam
1140 1459 1268 1497 tuam
1295 1460 1476 1498 vertere
1498 1449 1703 1514 amplius
1722 1466 1821 1496 non

414 1525 699 1588 permittent.
736 1545 758 1568 n
786 1524 942 1572 Abbas
968 1526 1249 1590 respondit:
1292 1547 1309 1569 (ι
1350 1529 1456 1573 Non
1496 1527 1633 1574 facies
1664 1536 1823 1574 autem

412 1601 544 1664 quod
570 1604 696 1648 Deus
722 1618 818 1647 non
848 1601 1065 1662 voluerit,
1103 1619 1214 1650 nam
1237 1619 1265 1650 a
1287 1602 1428 1650 nobis
1453 1604 1609 1668 ipsum
1634 1602 1823 1668 penitus

412 1680 510 1725 non
533 1678 750 1743 accipies.
785 1699 806 1721 >³
832 1681 962 1726 Tunc
988 1679 1245 1727 Sichlarius
1268 1680 1449 1727 fervens
1475 1680 1595 1738 felle,
1623 1679 1822 1727 similem

350 1742 358 1754 ’
411 1754 500 1801 sub
521 1754 614 1802 hoc
634 1754 860 1803 fabricam
889 1756 1145 1821 adaptavit.
1182 1759 1397 1821 Cumque
1419 1774 1542 1822 aqua
1566 1766 1823 1803 retrorsum

411 1848 640 1880 conversa
676 1831 764 1879 sub
795 1832 937 1896 hujus
958 1834 1114 1897 operis
1136 1843 1288 1880 rotam
1322 1834 1560 1881 inundans
1594 1834 1823 1897 gurgitem

412 1909 611 1968 fecisset,
639 1910 803 1956 restitit
834 1927 1045 1975 prorsus,
1089 1927 1175 1958 nec
1201 1912 1400 1959 omnino
1433 1911 1551 1959 verti
1584 1911 1740 1975 potuit
1772 1920 1825 1957 ut

412 1996 744 2045 consueverat;
777 1988 998 2050 venitque
1023 1998 1180 2035 custos
1203 1989 1304 2051 ejus
1327 1987 1386 2035 ad
1405 1987 1642 2046 abbatem,
1665 1986 1824 2034 media

414 2073 465 2108 ut
493 2062 649 2110 ferunt
673 2074 834 2122 nocte,
866 2063 946 2110 illo
978 2064 1026 2110 in
1064 2065 1273 2111 oratorio
1304 2081 1414 2110 cum
1450 2063 1669 2114 fratribus
1706 2063 1822 2126 vigi·

412 2139 555 2197 lame,
583 2150 629 2187 et
651 2141 745 2186 ait:
788 2160 809 2184 α
843 2142 1007 2202 Surge,
1034 2140 1176 2200 abba,
1204 2141 1458 2206 deprecare
1483 2141 1706 2188 attentius
1729 2142 1825 2186 Do-

414 2217 614 2263 minum.
646 2217 825 2263 Restitit
848 2217 974 2263 enim
1010 2227 1115 2264 rota
1140 2217 1402 2265 molendini
1430 2217 1490 2264 ab
1513 2215 1824 2264 inundatione

412 2292 587 2340 canalis
610 2292 766 2353 alieni,
795 2309 936 2357 quem
959 2293 1212 2340 Sichlarius
1236 2294 1359 2341 fecit.
1392 2314 1414 2337 n
1445 2296 1499 2340 At
1524 2293 1602 2340 ille
1621 2292 1722 2340 haec
1740 2309 1824 2339 au-

412 2368 547 2415 dieus
588 2370 712 2416 misit
747 2370 995 2417 confestim
1031 2370 1196 2418 fratres
1221 2370 1430 2435 singulos
1457 2370 1519 2418 ad
1542 2369 1825 2416 monasteria

412 2445 491 2493 illa
514 2463 616 2510 quae
642 2456 890 2508 statuerat,
928 2447 1090 2494 dicens
1114 2466 1123 2493 :
1159 2468 1179 2491 «
1208 2448 1492 2495 Prosternite
1526 2463 1612 2495 vos
1645 2447 1695 2493 in
1718 2461 1824 2493 ora-

415 2522 562 2578 tione,
600 2535 646 2570 et
682 2540 779 2570 non
806 2524 865 2570 sit
889 2523 1023 2571 vobis
1045 2542 1168 2589 opus
1193 2524 1322 2571 aliud
1339 2561 1351 2584 ‚
1383 2524 1538 2571 donec
1565 2524 1739 2571 iterum
1762 2521 1824 2568 ad

470 2661 527 2713 (1)
557 2662 666 2702 Colb.
697 2671 735 2701 et
763 2663 862 2711 Bel„
883 2667 1062 2703 Silarz'us.
1087 2667 1134 2702 Et
1162 2664 1318 2715 quidem
1343 2664 1397 2701 sic
1422 2662 1634 2714 appellatur
1657 2661 1697 2699 in
1725 2660 1825 2699 libro

415 2720 463 2758 de
490 2729 614 2758 castro
643 2721 839 2770 Ambasia,
870 2735 955 2774 cap.
981 2737 1043 2769 111,
1067 2731 1094 2760 t.
1122 2725 1159 2760 X
1183 2722 1371 2773 Spicilegii
1398 2721 1600 2760 Acheriani
1629 2733 1719 2772 pag.
1747 2720 1823 2757 522

413 2781 509 2826 (aut.
540 2781 765 2830 Clzroniques
783 2781 947 2830 d’AnJ'ou
971 2781 1063 2832 pub.
1087 2796 1185 2831 pour
1202 2785 1242 2819 la
1260 2785 1340 2821 Soc.
1363 2783 1410 2818 de
1437 2780 1566 2821 l'Hz'st.
1592 2783 1640 2817 de
1663 2783 1821 2827 stance,

417 2846 444 2878 t.
468 2840 502 2885 Ι,
521 2852 562 2889 p.
586 2839 666 2885 18),
690 2839 755 2877 ubi
775 2839 912 2878 Alarici
938 2840 1137 2891 proximus
1160 2849 1196 2878 et
1215 2839 1358 2878 amicus
1380 2839 1607 2891 appellatur.
1633 2838 1716 2891 (R.)
