2054 3450
390 325 407 359 1
417 325 466 361 64
899 322 1027 357 VITAE
1052 321 1270 358 PATRUM.

390 410 538 473 Hujus
557 409 837 456 confessoris
854 407 1048 455 beatum
1069 423 1244 472 corpus
1262 407 1322 455 ab
1339 409 1543 472 antiquis
1561 408 1608 455 in
1629 418 1790 473 crypta

388 486 623 550 sepultum
660 485 746 532 fuit
778 503 789 531 ε
834 484 918 532 sed
948 485 1061 549 quia
1098 494 1281 532 arctum
1313 494 1413 531 erat
1445 484 1694 532 aedificium
1735 501 1791 532 ac

387 562 625 610 difficilem
653 561 856 609 habebat
877 562 1154 624 ingressum,
1181 570 1372 608 sanctus
1399 561 1557 609 Avitus
1581 562 1791 626 pontifex

388 639 537 700 urbis,
563 648 834 687 constructa
858 639 907 685 in
937 638 1135 685 circuitu
1157 638 1266 684 miri
1293 638 1449 697 operis
1471 638 1651 698 absida,
1675 639 1790 687 bea-

389 725 461 762 tos
481 716 722 780 inquisivit
739 725 886 775 artus,
904 715 1171 780 reperitque
1189 715 1238 761 in
1254 730 1395 779 capsa
1408 714 1580 761 tabulis
1594 714 1794 762 formata

387 791 568 856 ligneis,
585 802 631 839 et
642 793 777 856 juxta
792 807 975 839 morem
993 791 1286 855 sarcophago
1305 790 1556 838 clausit.1n
1579 790 1794 838 hocloco

387 878 434 916 et
456 869 633 916 meritis
661 878 708 915 et
737 868 932 915 nomine
954 870 1128 915 Justus¹
1147 867 1415 932 requiescit,
1440 867 1524 931 qui
1549 867 1688 914 fuisse
1707 866 1797 914 hu-

385 949 460 1009 Jus
479 943 669 1008 gloriosi
685 943 922 1009 pontificis
941 944 1086 992 fertur
1107 943 1488 992 archidiaconus.

452 1022 499 1067 5.
537 1020 685 1068 Multa
721 1020 917 1085 quidem
953 1029 1000 1067 et
1032 1020 1122 1067 alia
1156 1021 1216 1068 de
1250 1019 1345 1068 hoc
1374 1029 1539 1068 sancto
1574 1019 1797 1067 miracula

387 1104 497 1144 sunt
518 1097 682 1156 relata,
697 1113 801 1161 quae
820 1095 1023 1144 scribere
1043 1096 1240 1160 longum
1255 1097 1435 1162 putavi,
1448 1096 1548 1143 haec
1566 1096 1799 1143 aestimans

388 1170 499 1220 fidei
520 1173 737 1238 perfectae
756 1172 970 1220 sufficere
993 1189 1097 1236 quae
1121 1172 1244 1220 dicta
1266 1183 1394 1233 sunt,
1416 1173 1527 1237 quia
1548 1173 1625 1221 cui
1648 1187 1797 1237 pauca

389 1266 485 1296 non
512 1250 780 1310 sufficiunt,
810 1250 947 1315 plura
978 1267 1076 1296 non
1108 1250 1388 1315 proderunt.
1419 1253 1538 1298 Nam
1566 1249 1628 1298 ad
1657 1249 1799 1312 hujus

391 1327 627 1374 tumulum
648 1327 758 1374 caeci
781 1327 1124 1387 illuminantur,
1140 1327 1378 1374 daemones
1400 1327 1679 1390 effugantur,
1697 1342 1800 1372 sur-

391 1402 439 1449 di
478 1403 692 1451 auditum
726 1414 773 1451 et
809 1403 966 1451 claudi
998 1404 1232 1469 recipiunt
1274 1420 1483 1470 gressum
1499 1439 1511 1463 ,
1553 1411 1799 1468 praestante

390 1481 598 1527 Domino
631 1489 795 1527 nostro
818 1483 924 1527 Jesu
950 1480 1167 1542 Christo,
1194 1481 1274 1544 qui
1305 1479 1607 1528 credentibus
1634 1494 1800 1544 repro-

390 1559 515 1606 misit
537 1575 564 1606 a
587 1576 636 1606 se
662 1558 805 1623 petita
831 1558 932 1605 sine
956 1557 1261 1621 ambiguitate
1284 1558 1457 1621 largiri.
1486 1569 1490 1577 '

969 1742 1124 1778 CAPUT
1147 1743 1218 1778 111.

823 1842 874 1879 De
893 1849 1014 1877 sancto
1032 1841 1212 1877 Abraham
1227 1841 1365 1877 abbate.

456 1955 582 2002 Nulli
605 1957 951 2005 catholicorum
975 1974 1076 2005 esse
1102 1958 1342 2006 occultum
1361 1974 1468 2005 reor
1486 1957 1617 2021 quod
1638 1957 1801 2004 Domi-

391 2049 480 2080 nus
505 2034 569 2079 ait
589 2034 638 2080 in
665 2035 918 2098 Evangelio
937 2052 948 2081 ε
981 2056 1003 2078 (ι
1020 2038 1168 2082 Amen
1193 2034 1302 2082 dico
1326 2034 1461 2081 vobis
1482 2035 1521 2081 si
1543 2033 1802 2081 habueritis

391 2108 535 2156 fidem
559 2110 809 2175 integram,
841 2121 888 2158 et
911 2127 1011 2158 non
1034 2111 1371 2171 haesitaveritis,
1403 2110 1442 2157 si
1462 2109 1670 2157 dixeritis
1689 2109 1802 2156 huic

392 2187 542 2233 monti
568 2205 579 2233 ε
606 2188 822 2235 Transfer
852 2197 898 2234 te
914 2225 927 2249 ,
961 2197 1008 2234 et
1040 2188 1287 2235 transferet
1308 2204 1379 2247 se;
1411 2197 1459 2234 et
1485 2187 1648 2234 omnia
1675 2203 1802 2252 quae-

390 2279 596 2327 cumque
613 2265 839 2329 petieritis
856 2266 902 2311 in
919 2265 1118 2312 nomine
1134 2282 1262 2325 meo,
1284 2264 1460 2312 credite
1478 2264 1589 2328 quia
1607 2263 1804 2328 accipie·

390 2340 449 2386 tis
465 2350 511 2387 et
527 2342 721 2388 venient
736 2340 909 2388 vobis².
921 2361 943 2385 2>
960 2344 1083 2405 Ergo
1095 2359 1193 2388 non
1208 2342 1295 2388 erit
1308 2340 1510 2388 dubium
1523 2340 1639 2404 quin
1654 2339 1804 2387 sancti

390 2416 607 2464 obtinere
629 2419 813 2482 possint
834 2434 863 2466 a
885 2419 1096 2465 Domino
1118 2418 1251 2483 quod
1277 2418 1512 2484 petierint,
1539 2418 1651 2482 quia
1673 2417 1722 2464 in
1743 2433 1802 2464 eo

390 2492 502 2540 fidei
534 2494 813 2542 fundamine
839 2497 1007 2560 positi,
1037 2495 1178 2543 nullis
1204 2495 1553 2543 haesitationum
1582 2493 1803 2542 fluctibus
1862 2528 1871 2558 3

443 2675 502 2728 (1)
531 2677 623 2716 Vide
639 2691 755 2729 supra
773 2677 841 2717 lib.
854 2680 873 2716 1
891 2678 989 2718 Hist.
1007 2691 1093 2731 cap.
1107 2693 1174 2727 xz,
1187 2687 1224 2717 et
1241 2678 1291 2717 de
1308 2676 1431 2712 Gloria
1447 2676 1572 2726 Confi,
1591 2653 1680 2730 cap.
1698 2689 1802 2715 xxxv

391 2743 429 2773 et
448 2749 583 2774 xxxvl.

443 2793 502 2846 (2)
533 2796 676 2836 Mattk.
697 2809 781 2843 xx1,
803 2798 870 2846 21;
890 2766 1018 2835 Maic.
1039 2810 1096 2844 xx,
1118 2798 1183 2836 23.
