<?xml version="1.0" encoding="UTF-8"?>
<!DOCTYPE html PUBLIC "-//W3C//DTD XHTML 1.0 Transitional//EN"
    "http://www.w3.org/TR/xhtml1/DTD/xhtml1-transitional.dtd">
<html xmlns="http://www.w3.org/1999/xhtml" xml:lang="en" lang="en">
 <head>
  <title>
</title>
<meta http-equiv="Content-Type" content="text/html;charset=utf-8" />
  <meta name='ocr-system' content='tesseract 3.04.00' />
  <meta name='ocr-capabilities' content='ocr_page ocr_carea ocr_par ocr_line ocrx_word'/>
</head>
<body>
  <div class='ocr_page' id='page_1' title='image "./leslivresdesmira03greguoft_0248.png"; bbox 0 0 2054 3450; ppageno 0'>
   <div class='ocr_carea' id='block_1_1' title="bbox 394 334 1279 401">
    <p class='ocr_par' dir='ltr' id='par_1_1' title="bbox 394 334 1279 401">
     <span class='ocr_line' id='line_1_1' title="bbox 394 334 1279 401; baseline 0 -24"><span class='ocrx_word' id='word_1_1' title='bbox 394 341 468 378; x_wconf 74' lang='lat'><strong>232</strong></span> <span class='ocrx_word' id='word_1_2' title='bbox 685 334 698 344; x_wconf 74' lang='grc'><em>“</em></span> <span class='ocrx_word' id='word_1_3' title='bbox 906 340 1034 376; x_wconf 83' lang='lat' dir='ltr'><strong>VITAE</strong></span> <span class='ocrx_word' id='word_1_4' title='bbox 1060 339 1279 401; x_wconf 53' lang='lat' dir='ltr'><strong>lffA&#39;rRUM.</strong></span> 
     </span>
    </p>
   </div>
   <div class='ocr_carea' id='block_1_2' title="bbox 389 424 1793 874">
    <p class='ocr_par' dir='ltr' id='par_1_2' title="bbox 389 424 1793 874">
     <span class='ocr_line' id='line_1_2' title="bbox 392 424 1793 490; baseline 0 -19"><span class='ocrx_word' id='word_1_5' title='bbox 392 425 526 471; x_wconf 89' lang='lat' dir='ltr'><strong>nensi</strong></span> <span class='ocrx_word' id='word_1_6' title='bbox 547 424 854 472; x_wconf 78' lang='lat' dir='ltr'><strong>substituatur</strong></span> <span class='ocrx_word' id='word_1_7' title='bbox 874 425 1139 490; x_wconf 88' lang='lat' dir='ltr'><strong>episcopus.</strong></span> <span class='ocrx_word' id='word_1_8' title='bbox 1157 428 1235 471; x_wconf 89' lang='lat' dir='ltr'><strong>Est</strong></span> <span class='ocrx_word' id='word_1_9' title='bbox 1252 426 1396 485; x_wconf 87' lang='lat' dir='ltr'><strong>enim,</strong></span> <span class='ocrx_word' id='word_1_10' title='bbox 1417 436 1467 473; x_wconf 90' lang='lat' dir='ltr'><strong>ut</strong></span> <span class='ocrx_word' id='word_1_11' title='bbox 1483 426 1575 473; x_wconf 90' lang='lat' dir='ltr'><strong>mei</strong></span> <span class='ocrx_word' id='word_1_12' title='bbox 1590 425 1793 473; x_wconf 89' lang='lat' dir='ltr'><strong>testimo·</strong></span> 
     </span>
     <span class='ocr_line' id='line_1_3' title="bbox 392 500 1790 565; baseline 0.001 -18"><span class='ocrx_word' id='word_1_13' title='bbox 392 501 459 547; x_wconf 93' lang='lat' dir='ltr'><strong>nii</strong></span> <span class='ocrx_word' id='word_1_14' title='bbox 491 500 631 547; x_wconf 86' lang='lat' dir='ltr'><strong>verba</strong></span> <span class='ocrx_word' id='word_1_15' title='bbox 666 502 929 565; x_wconf 87' lang='lat' dir='ltr'><strong>proferunt,</strong></span> <span class='ocrx_word' id='word_1_16' title='bbox 966 511 1149 548; x_wconf 86' lang='lat' dir='ltr'><strong>amator</strong></span> <span class='ocrx_word' id='word_1_17' title='bbox 1185 502 1469 549; x_wconf 77' lang='lat' dir='ltr'><strong>castimoniae</strong></span> <span class='ocrx_word' id='word_1_18' title='bbox 1500 502 1790 565; x_wconf 88' lang='lat' dir='ltr'><strong>dilectorque</strong></span> 
     </span>
     <span class='ocr_line' id='line_1_4' title="bbox 390 577 1788 643; baseline 0.001 -19"><span class='ocrx_word' id='word_1_19' title='bbox 390 577 690 624; x_wconf 87' lang='lat' dir='ltr'><strong>ecclesiarum</strong></span> <span class='ocrx_word' id='word_1_20' title='bbox 715 588 762 625; x_wconf 92' lang='lat' dir='ltr'><strong>et</strong></span> <span class='ocrx_word' id='word_1_21' title='bbox 785 579 832 624; x_wconf 95' lang='lat' dir='ltr'><strong>in</strong></span> <span class='ocrx_word' id='word_1_22' title='bbox 855 578 1164 641; x_wconf 90' lang='lat' dir='ltr'><strong>eleemosynis</strong></span> <span class='ocrx_word' id='word_1_23' title='bbox 1188 577 1323 624; x_wconf 90' lang='lat' dir='ltr'><strong>valde</strong></span> <span class='ocrx_word' id='word_1_24' title='bbox 1350 577 1566 636; x_wconf 89' lang='lat' dir='ltr'><strong>devotus,</strong></span> <span class='ocrx_word' id='word_1_25' title='bbox 1591 589 1636 626; x_wconf 93' lang='lat' dir='ltr'><strong>et</strong></span> <span class='ocrx_word' id='word_1_26' title='bbox 1660 595 1788 643; x_wconf 89' lang='lat' dir='ltr'><strong>quae-</strong></span> 
     </span>
     <span class='ocr_line' id='line_1_5' title="bbox 390 653 1791 719; baseline 0.001 -19"><span class='ocrx_word' id='word_1_27' title='bbox 390 670 578 718; x_wconf 89' lang='lat' dir='ltr'><strong>cunque</strong></span> <span class='ocrx_word' id='word_1_28' title='bbox 601 668 760 702; x_wconf 88' lang='lat' dir='ltr'><strong>servos</strong></span> <span class='ocrx_word' id='word_1_29' title='bbox 782 655 868 702; x_wconf 83' lang='lat' dir='ltr'><strong>Dei</strong></span> <span class='ocrx_word' id='word_1_30' title='bbox 896 654 1082 715; x_wconf 88' lang='lat' dir='ltr'><strong>decent,</strong></span> <span class='ocrx_word' id='word_1_31' title='bbox 1114 665 1160 701; x_wconf 89' lang='lat' dir='ltr'><strong>et</strong></span> <span class='ocrx_word' id='word_1_32' title='bbox 1189 653 1412 719; x_wconf 86' lang='lat' dir='ltr'><strong>operibus</strong></span> <span class='ocrx_word' id='word_1_33' title='bbox 1433 656 1548 718; x_wconf 87' lang='lat' dir='ltr'><strong>gerit</strong></span> <span class='ocrx_word' id='word_1_34' title='bbox 1573 666 1620 702; x_wconf 89' lang='lat' dir='ltr'><strong>et</strong></span> <span class='ocrx_word' id='word_1_35' title='bbox 1641 656 1791 702; x_wconf 87' lang='lat' dir='ltr'><strong>mori-</strong></span> 
     </span>
     <span class='ocr_line' id='line_1_6' title="bbox 389 729 1791 796; baseline 0.002 -20"><span class='ocrx_word' id='word_1_36' title='bbox 389 729 494 777; x_wconf 90' lang='lat' dir='ltr'><strong>bus.</strong></span> <span class='ocrx_word' id='word_1_37' title='bbox 534 750 556 775; x_wconf 89' lang='lat'>»</span> <span class='ocrx_word' id='word_1_38' title='bbox 585 731 844 796; x_wconf 86' lang='lat' dir='ltr'><strong>Respondit</strong></span> <span class='ocrx_word' id='word_1_39' title='bbox 872 748 952 778; x_wconf 86' lang='lat' dir='ltr'><strong>rex</strong></span> <span class='ocrx_word' id='word_1_40' title='bbox 982 749 992 777; x_wconf 89' lang='lat'>:</span> <span class='ocrx_word' id='word_1_41' title='bbox 1025 751 1047 774; x_wconf 88' lang='lat'>«</span> <span class='ocrx_word' id='word_1_42' title='bbox 1077 731 1176 778; x_wconf 89' lang='lat' dir='ltr'><strong>Fiat</strong></span> <span class='ocrx_word' id='word_1_43' title='bbox 1206 730 1422 778; x_wconf 85' lang='lat' dir='ltr'><strong>voluntas</strong></span> <span class='ocrx_word' id='word_1_44' title='bbox 1455 731 1557 778; x_wconf 85' lang='lat' dir='ltr'><strong>Dei.</strong></span> <span class='ocrx_word' id='word_1_45' title='bbox 1587 752 1610 775; x_wconf 81' lang='grc'>»</span> <span class='ocrx_word' id='word_1_46' title='bbox 1642 735 1699 778; x_wconf 88' lang='lat' dir='ltr'><strong>Et</strong></span> <span class='ocrx_word' id='word_1_47' title='bbox 1726 733 1791 779; x_wconf 86' lang='lat' dir='ltr'><strong>sic</strong></span> 
     </span>
     <span class='ocr_line' id='line_1_7' title="bbox 390 809 1790 874; baseline 0 -18"><span class='ocrx_word' id='word_1_48' title='bbox 390 809 532 872; x_wconf 88' lang='lat' dir='ltr'><strong>pleno</strong></span> <span class='ocrx_word' id='word_1_49' title='bbox 566 810 685 872; x_wconf 81' lang='lat' dir='ltr'><strong>regis</strong></span> <span class='ocrx_word' id='word_1_50' title='bbox 715 820 761 856; x_wconf 89' lang='lat' dir='ltr'><strong>et</strong></span> <span class='ocrx_word' id='word_1_51' title='bbox 791 810 956 874; x_wconf 91' lang='lat' dir='ltr'><strong>populi</strong></span> <span class='ocrx_word' id='word_1_52' title='bbox 986 809 1206 873; x_wconf 83' lang='lat' dir='ltr'><strong>suffragio</strong></span> <span class='ocrx_word' id='word_1_53' title='bbox 1234 809 1484 873; x_wconf 86' lang='lat' dir='ltr'><strong>episcopus</strong></span> <span class='ocrx_word' id='word_1_54' title='bbox 1509 810 1790 872; x_wconf 87' lang='lat' dir='ltr'><strong>Lugdunen-</strong></span> 
     </span>
    </p>
   </div>
   <div class='ocr_carea' id='block_1_3' title="bbox 389 885 1806 2700">
    <p class='ocr_par' dir='ltr' id='par_1_3' title="bbox 389 885 1806 2700">
     <span class='ocr_line' id='line_1_8' title="bbox 389 885 1794 950; baseline 0.001 -19"><span class='ocrx_word' id='word_1_55' title='bbox 389 886 450 932; x_wconf 93' lang='lat' dir='ltr'><strong>sis</strong></span> <span class='ocrx_word' id='word_1_56' title='bbox 473 885 718 932; x_wconf 87' lang='lat' dir='ltr'><strong>ordinatus</strong></span> <span class='ocrx_word' id='word_1_57' title='bbox 745 886 845 932; x_wconf 87' lang='lat' dir='ltr'><strong>fuit.</strong></span> <span class='ocrx_word' id='word_1_58' title='bbox 880 888 991 933; x_wconf 83' lang='lat' dir='ltr'><strong>Erat</strong></span> <span class='ocrx_word' id='word_1_59' title='bbox 1012 886 1139 932; x_wconf 90' lang='lat' dir='ltr'><strong>enim</strong></span> <span class='ocrx_word' id='word_1_60' title='bbox 1166 885 1425 950; x_wconf 75' lang='lat' dir='ltr'><strong>praecipuus</strong></span> <span class='ocrx_word' id='word_1_61' title='bbox 1446 885 1713 932; x_wconf 88' lang='lat' dir='ltr'><strong>concordiae</strong></span> <span class='ocrx_word' id='word_1_62' title='bbox 1735 901 1794 946; x_wconf 82' lang='lat' dir='ltr'><strong>ac</strong></span> 
     </span>
     <span class='ocr_line' id='line_1_9' title="bbox 390 958 1796 1024; baseline 0.001 -19"><span class='ocrx_word' id='word_1_63' title='bbox 390 959 520 1023; x_wconf 84' lang='lat' dir='ltr'><strong>pacis</strong></span> <span class='ocrx_word' id='word_1_64' title='bbox 541 969 726 1007; x_wconf 88' lang='lat' dir='ltr'><strong>amator</strong></span> <span class='ocrx_word' id='word_1_65' title='bbox 747 977 756 1004; x_wconf 91' lang='lat'>:</span> <span class='ocrx_word' id='word_1_66' title='bbox 785 969 831 1005; x_wconf 91' lang='lat' dir='ltr'><strong>et</strong></span> <span class='ocrx_word' id='word_1_67' title='bbox 852 959 891 1005; x_wconf 91' lang='lat' dir='ltr'><strong>si</strong></span> <span class='ocrx_word' id='word_1_68' title='bbox 915 958 1047 1006; x_wconf 89' lang='lat' dir='ltr'><strong>laesus</strong></span> <span class='ocrx_word' id='word_1_69' title='bbox 1071 959 1231 1005; x_wconf 85' lang='lat' dir='ltr'><strong>fuisset</strong></span> <span class='ocrx_word' id='word_1_70' title='bbox 1253 958 1314 1006; x_wconf 89' lang='lat' dir='ltr'><strong>ab</strong></span> <span class='ocrx_word' id='word_1_71' title='bbox 1337 959 1513 1022; x_wconf 89' lang='lat' dir='ltr'><strong>aliquo,</strong></span> <span class='ocrx_word' id='word_1_72' title='bbox 1540 960 1695 1024; x_wconf 84' lang='lat' dir='ltr'><strong>statim</strong></span> <span class='ocrx_word' id='word_1_73' title='bbox 1715 968 1796 1006; x_wconf 90' lang='lat' dir='ltr'><strong>aut</strong></span> 
     </span>
     <span class='ocr_line' id='line_1_10' title="bbox 390 1034 1796 1100; baseline 0.001 -19"><span class='ocrx_word' id='word_1_74' title='bbox 390 1035 657 1082; x_wconf 86' lang='lat' dir='ltr'><strong>remittebat</strong></span> <span class='ocrx_word' id='word_1_75' title='bbox 687 1052 772 1100; x_wconf 89' lang='lat' dir='ltr'><strong>per</strong></span> <span class='ocrx_word' id='word_1_76' title='bbox 799 1052 866 1093; x_wconf 88' lang='lat' dir='ltr'><strong>se,</strong></span> <span class='ocrx_word' id='word_1_77' title='bbox 900 1046 980 1082; x_wconf 89' lang='lat' dir='ltr'><strong>aut</strong></span> <span class='ocrx_word' id='word_1_78' title='bbox 1017 1051 1101 1100; x_wconf 89' lang='lat' dir='ltr'><strong>per</strong></span> <span class='ocrx_word' id='word_1_79' title='bbox 1130 1034 1275 1082; x_wconf 89' lang='lat' dir='ltr'><strong>alium</strong></span> <span class='ocrx_word' id='word_1_80' title='bbox 1308 1034 1578 1082; x_wconf 85' lang='lat' dir='ltr'><strong>insinuabat</strong></span> <span class='ocrx_word' id='word_1_81' title='bbox 1610 1036 1796 1083; x_wconf 91' lang='lat' dir='ltr'><strong>veniam</strong></span> 
     </span>
     <span class='ocr_line' id='line_1_11' title="bbox 389 1111 1796 1176; baseline 0.001 -18"><span class='ocrx_word' id='word_1_82' title='bbox 389 1111 648 1176; x_wconf 89' lang='lat' dir='ltr'><strong>deprecari.</strong></span> <span class='ocrx_word' id='word_1_83' title='bbox 687 1114 805 1158; x_wconf 88' lang='lat' dir='ltr'><strong>Nam</strong></span> <span class='ocrx_word' id='word_1_84' title='bbox 837 1111 934 1158; x_wconf 87' lang='lat' dir='ltr'><strong>vidi</strong></span> <span class='ocrx_word' id='word_1_85' title='bbox 966 1128 1053 1175; x_wconf 89' lang='lat' dir='ltr'><strong>ego</strong></span> <span class='ocrx_word' id='word_1_86' title='bbox 1088 1111 1296 1176; x_wconf 91' lang='lat' dir='ltr'><strong>quodam</strong></span> <span class='ocrx_word' id='word_1_87' title='bbox 1331 1122 1543 1175; x_wconf 87' lang='lat' dir='ltr'><strong>tempore</strong></span> <span class='ocrx_word' id='word_1_88' title='bbox 1578 1112 1796 1160; x_wconf 89' lang='lat' dir='ltr'><strong>Basilium</strong></span> 
     </span>
     <span class='ocr_line' id='line_1_12' title="bbox 391 1188 1791 1253; baseline 0 -18"><span class='ocrx_word' id='word_1_89' title='bbox 391 1189 718 1253; x_wconf 85' lang='lat' dir='ltr'><strong>presbyterum</strong></span> <span class='ocrx_word' id='word_1_90' title='bbox 739 1190 932 1236; x_wconf 91' lang='lat' dir='ltr'><strong>missum</strong></span> <span class='ocrx_word' id='word_1_91' title='bbox 945 1188 1005 1235; x_wconf 88' lang='lat' dir='ltr'><strong>ab</strong></span> <span class='ocrx_word' id='word_1_92' title='bbox 1020 1205 1077 1235; x_wconf 91' lang='lat' dir='ltr'><strong>eo</strong></span> <span class='ocrx_word' id='word_1_93' title='bbox 1097 1189 1158 1235; x_wconf 91' lang='lat' dir='ltr'><strong>ad</strong></span> <span class='ocrx_word' id='word_1_94' title='bbox 1173 1189 1514 1234; x_wconf 88' lang='lat' dir='ltr'><strong>Armentarium</strong></span> <span class='ocrx_word' id='word_1_95' title='bbox 1527 1191 1535 1213; x_wconf 88' lang='lat'><strong>¹</strong></span> <span class='ocrx_word' id='word_1_96' title='bbox 1550 1188 1791 1248; x_wconf 89' lang='lat' dir='ltr'><strong>comitem,</strong></span> 
     </span>
     <span class='ocr_line' id='line_1_13' title="bbox 392 1264 1798 1329; baseline 0.001 -18"><span class='ocrx_word' id='word_1_97' title='bbox 392 1267 470 1329; x_wconf 93' lang='lat' dir='ltr'><strong>qui</strong></span> <span class='ocrx_word' id='word_1_98' title='bbox 495 1265 852 1328; x_wconf 87' lang='lat' dir='ltr'><strong>Lugdunensem</strong></span> <span class='ocrx_word' id='word_1_99' title='bbox 879 1266 1048 1317; x_wconf 87' lang='lat' dir='ltr'><strong>urbem</strong></span> <span class='ocrx_word' id='word_1_100' title='bbox 1069 1265 1142 1311; x_wconf 82' lang='lat' dir='ltr'><strong>his</strong></span> <span class='ocrx_word' id='word_1_101' title='bbox 1165 1264 1331 1311; x_wconf 88' lang='lat' dir='ltr'><strong>diebus</strong></span> <span class='ocrx_word' id='word_1_102' title='bbox 1351 1274 1577 1329; x_wconf 88' lang='lat' dir='ltr'><strong>potestate</strong></span> <span class='ocrx_word' id='word_1_103' title='bbox 1594 1264 1798 1328; x_wconf 91' lang='lat' dir='ltr'><strong>judicia-</strong></span> 
     </span>
     <span class='ocr_line' id='line_1_14' title="bbox 392 1340 1797 1405; baseline 0.001 -18"><span class='ocrx_word' id='word_1_104' title='bbox 392 1342 459 1388; x_wconf 87' lang='lat' dir='ltr'><strong>ria</strong></span> <span class='ocrx_word' id='word_1_105' title='bbox 489 1341 804 1404; x_wconf 78' lang='lat' dir='ltr'><strong>gubernabat3</strong></span> <span class='ocrx_word' id='word_1_106' title='bbox 836 1342 1047 1405; x_wconf 84' lang='lat' dir='ltr'><strong>dixitque</strong></span> <span class='ocrx_word' id='word_1_107' title='bbox 1077 1340 1135 1388; x_wconf 91' lang='lat' dir='ltr'><strong>ad</strong></span> <span class='ocrx_word' id='word_1_108' title='bbox 1165 1358 1309 1388; x_wconf 84' lang='lat' dir='ltr'><strong>eum:</strong></span> <span class='ocrx_word' id='word_1_109' title='bbox 1347 1361 1368 1383; x_wconf 76' lang='grc' dir='ltr'><strong>ε(</strong></span> <span class='ocrx_word' id='word_1_110' title='bbox 1390 1341 1606 1388; x_wconf 84' lang='lat' dir='ltr'><strong>Pontifex</strong></span> <span class='ocrx_word' id='word_1_111' title='bbox 1637 1352 1797 1388; x_wconf 89' lang='lat' dir='ltr'><strong>noster</strong></span> 
     </span>
     <span class='ocr_line' id='line_1_15' title="bbox 391 1416 1798 1482; baseline -0.001 -17"><span class='ocrx_word' id='word_1_112' title='bbox 391 1433 541 1465; x_wconf 89' lang='lat' dir='ltr'><strong>causae</strong></span> <span class='ocrx_word' id='word_1_113' title='bbox 563 1418 698 1478; x_wconf 89' lang='lat' dir='ltr'><strong>huic,</strong></span> <span class='ocrx_word' id='word_1_114' title='bbox 729 1435 833 1482; x_wconf 87' lang='lat' dir='ltr'><strong>quae</strong></span> <span class='ocrx_word' id='word_1_115' title='bbox 860 1418 1018 1466; x_wconf 81' lang='lat' dir='ltr'><strong>denuo</strong></span> <span class='ocrx_word' id='word_1_116' title='bbox 1046 1417 1303 1482; x_wconf 89' lang='lat' dir='ltr'><strong>impetitur,</strong></span> <span class='ocrx_word' id='word_1_117' title='bbox 1329 1416 1440 1463; x_wconf 87' lang='lat' dir='ltr'><strong>dato</strong></span> <span class='ocrx_word' id='word_1_118' title='bbox 1459 1417 1663 1480; x_wconf 86' lang='lat' dir='ltr'><strong>judicio,</strong></span> <span class='ocrx_word' id='word_1_119' title='bbox 1696 1428 1798 1464; x_wconf 84' lang='lat' dir='ltr'><strong>ter-</strong></span> 
     </span>
     <span class='ocr_line' id='line_1_16' title="bbox 391 1494 1798 1559; baseline 0.001 -18"><span class='ocrx_word' id='word_1_120' title='bbox 391 1495 575 1541; x_wconf 87' lang='lat' dir='ltr'><strong>minum</strong></span> <span class='ocrx_word' id='word_1_121' title='bbox 601 1495 725 1554; x_wconf 84' lang='lat' dir='ltr'><strong>secit‚</strong></span> <span class='ocrx_word' id='word_1_122' title='bbox 759 1496 958 1558; x_wconf 88' lang='lat' dir='ltr'><strong>ideoque</strong></span> <span class='ocrx_word' id='word_1_123' title='bbox 979 1504 1255 1542; x_wconf 91' lang='lat' dir='ltr'><strong>commonet</strong></span> <span class='ocrx_word' id='word_1_124' title='bbox 1279 1509 1340 1540; x_wconf 91' lang='lat' dir='ltr'><strong>ne</strong></span> <span class='ocrx_word' id='word_1_125' title='bbox 1362 1510 1465 1540; x_wconf 83' lang='lat' dir='ltr'><strong>eam</strong></span> <span class='ocrx_word' id='word_1_126' title='bbox 1493 1494 1659 1541; x_wconf 86' lang='lat' dir='ltr'><strong>iterare</strong></span> <span class='ocrx_word' id='word_1_127' title='bbox 1683 1512 1798 1559; x_wconf 85' lang='lat' dir='ltr'><strong>prae-</strong></span> 
     </span>
     <span class='ocr_line' id='line_1_17' title="bbox 392 1566 1793 1632; baseline 0.001 -18"><span class='ocrx_word' id='word_1_128' title='bbox 392 1584 565 1615; x_wconf 88' lang='lat' dir='ltr'><strong>sumas.</strong></span> <span class='ocrx_word' id='word_1_129' title='bbox 589 1588 611 1611; x_wconf 89' lang='lat'>»</span> <span class='ocrx_word' id='word_1_130' title='bbox 641 1569 735 1626; x_wconf 91' lang='lat' dir='ltr'><strong>Qui</strong></span> <span class='ocrx_word' id='word_1_131' title='bbox 759 1569 917 1615; x_wconf 79' lang='lat' dir='ltr'><strong>furore</strong></span> <span class='ocrx_word' id='word_1_132' title='bbox 941 1584 1192 1614; x_wconf 89' lang='lat' dir='ltr'><strong>succensus</strong></span> <span class='ocrx_word' id='word_1_133' title='bbox 1220 1566 1464 1631; x_wconf 84' lang='lat' dir='ltr'><strong>respondit</strong></span> <span class='ocrx_word' id='word_1_134' title='bbox 1489 1566 1761 1632; x_wconf 88' lang='lat' dir='ltr'><strong>presbytero</strong></span> <span class='ocrx_word' id='word_1_135' title='bbox 1783 1587 1793 1615; x_wconf 92' lang='lat'><strong>:</strong></span> 
     </span>
     <span class='ocr_line' id='line_1_18' title="bbox 396 1644 1797 1709; baseline 0.001 -18"><span class='ocrx_word' id='word_1_136' title='bbox 396 1664 419 1691; x_wconf 73' lang='grc' dir='ltr'><strong>,α</strong></span> <span class='ocrx_word' id='word_1_137' title='bbox 446 1644 578 1692; x_wconf 89' lang='lat' dir='ltr'><strong>Vade</strong></span> <span class='ocrx_word' id='word_1_138' title='bbox 603 1654 648 1691; x_wconf 93' lang='lat' dir='ltr'><strong>et</strong></span> <span class='ocrx_word' id='word_1_139' title='bbox 671 1645 747 1692; x_wconf 90' lang='lat' dir='ltr'><strong>dic</strong></span> <span class='ocrx_word' id='word_1_140' title='bbox 771 1646 813 1691; x_wconf 89' lang='lat' dir='ltr'><strong>ei</strong></span> <span class='ocrx_word' id='word_1_141' title='bbox 841 1646 950 1709; x_wconf 86' lang='lat' dir='ltr'><strong>quia</strong></span> <span class='ocrx_word' id='word_1_142' title='bbox 978 1645 1135 1691; x_wconf 86' lang='lat' dir='ltr'><strong>multae</strong></span> <span class='ocrx_word' id='word_1_143' title='bbox 1162 1653 1273 1690; x_wconf 88' lang='lat' dir='ltr'><strong>sunt</strong></span> <span class='ocrx_word' id='word_1_144' title='bbox 1299 1660 1452 1691; x_wconf 81' lang='lat' dir='ltr'><strong>causae</strong></span> <span class='ocrx_word' id='word_1_145' title='bbox 1474 1644 1522 1691; x_wconf 92' lang='lat' dir='ltr'><strong>in</strong></span> <span class='ocrx_word' id='word_1_146' title='bbox 1549 1644 1650 1708; x_wconf 88' lang='lat' dir='ltr'><strong>ejus</strong></span> <span class='ocrx_word' id='word_1_147' title='bbox 1680 1661 1797 1692; x_wconf 93' lang='lat' dir='ltr'><strong>con-</strong></span> 
     </span>
     <span class='ocr_line' id='line_1_19' title="bbox 392 1719 1797 1785; baseline -0.001 -19"><span class='ocrx_word' id='word_1_148' title='bbox 392 1731 554 1784; x_wconf 89' lang='lat' dir='ltr'><strong>spectu</strong></span> <span class='ocrx_word' id='word_1_149' title='bbox 583 1722 763 1785; x_wconf 86' lang='lat' dir='ltr'><strong>positae,</strong></span> <span class='ocrx_word' id='word_1_150' title='bbox 796 1738 900 1785; x_wconf 82' lang='lat' dir='ltr'><strong>quae</strong></span> <span class='ocrx_word' id='word_1_151' title='bbox 932 1721 1121 1767; x_wconf 89' lang='lat' dir='ltr'><strong>alterius</strong></span> <span class='ocrx_word' id='word_1_152' title='bbox 1143 1720 1326 1784; x_wconf 88' lang='lat' dir='ltr'><strong>judicio</strong></span> <span class='ocrx_word' id='word_1_153' title='bbox 1351 1719 1570 1768; x_wconf 84' lang='lat' dir='ltr'><strong>finiendae</strong></span> <span class='ocrx_word' id='word_1_154' title='bbox 1591 1731 1745 1769; x_wconf 88' lang='lat' dir='ltr'><strong>erunt.</strong></span> <span class='ocrx_word' id='word_1_155' title='bbox 1775 1742 1797 1765; x_wconf 87' lang='lat'>»</span> 
     </span>
     <span class='ocr_line' id='line_1_20' title="bbox 395 1795 1798 1862; baseline 0.001 -21"><span class='ocrx_word' id='word_1_156' title='bbox 395 1796 643 1859; x_wconf 85' lang='lat' dir='ltr'><strong>Regressus</strong></span> <span class='ocrx_word' id='word_1_157' title='bbox 670 1796 913 1861; x_wconf 85' lang='lat' dir='ltr'><strong>presbyter</strong></span> <span class='ocrx_word' id='word_1_158' title='bbox 937 1813 1040 1860; x_wconf 87' lang='lat' dir='ltr'><strong>quae</strong></span> <span class='ocrx_word' id='word_1_159' title='bbox 1063 1795 1241 1842; x_wconf 86' lang='lat' dir='ltr'><strong>audivit</strong></span> <span class='ocrx_word' id='word_1_160' title='bbox 1268 1795 1540 1861; x_wconf 86' lang='lat' dir='ltr'><strong>simpliciter</strong></span> <span class='ocrx_word' id='word_1_161' title='bbox 1567 1798 1798 1862; x_wconf 83' lang='lat' dir='ltr'><strong>exposuit.</strong></span> 
     </span>
     <span class='ocr_line' id='line_1_21' title="bbox 392 1873 1798 1937; baseline 0.001 -20"><span class='ocrx_word' id='word_1_162' title='bbox 392 1873 592 1919; x_wconf 88' lang='lat' dir='ltr'><strong>Sanctus</strong></span> <span class='ocrx_word' id='word_1_163' title='bbox 623 1889 737 1937; x_wconf 75' lang='lat' dir='ltr'><strong>vero</strong></span> <span class='ocrx_word' id='word_1_164' title='bbox 771 1873 977 1919; x_wconf 89' lang='lat' dir='ltr'><strong>Nicetius</strong></span> <span class='ocrx_word' id='word_1_165' title='bbox 1016 1881 1286 1918; x_wconf 86' lang='lat' dir='ltr'><strong>commotus</strong></span> <span class='ocrx_word' id='word_1_166' title='bbox 1317 1881 1483 1919; x_wconf 88' lang='lat' dir='ltr'><strong>contra</strong></span> <span class='ocrx_word' id='word_1_167' title='bbox 1522 1889 1650 1932; x_wconf 90' lang='lat' dir='ltr'><strong>eum,</strong></span> <span class='ocrx_word' id='word_1_168' title='bbox 1693 1873 1757 1920; x_wconf 90' lang='lat' dir='ltr'><strong>ait</strong></span> <span class='ocrx_word' id='word_1_169' title='bbox 1787 1890 1798 1918; x_wconf 73' lang='grc' dir='ltr'>ε</span> 
     </span>
     <span class='ocr_line' id='line_1_22' title="bbox 399 1941 1803 2013; baseline 0 -18"><span class='ocrx_word' id='word_1_170' title='bbox 399 1968 421 1990; x_wconf 76' lang='grc' dir='ltr'>α</span> <span class='ocrx_word' id='word_1_171' title='bbox 443 1951 579 2003; x_wconf 86' lang='lat' dir='ltr'><strong>Vere,</strong></span> <span class='ocrx_word' id='word_1_172' title='bbox 602 1941 814 2013; x_wconf 88' lang='lat' dir='ltr'><strong>inquam,</strong></span> <span class='ocrx_word' id='word_1_173' title='bbox 834 1950 943 2011; x_wconf 89' lang='lat' dir='ltr'><strong>quia</strong></span> <span class='ocrx_word' id='word_1_174' title='bbox 964 1948 1172 2011; x_wconf 87' lang='lat' dir='ltr'><strong>eulogias</strong></span> <span class='ocrx_word' id='word_1_175' title='bbox 1189 1948 1249 1994; x_wconf 91' lang='lat' dir='ltr'><strong>de</strong></span> <span class='ocrx_word' id='word_1_176' title='bbox 1273 1964 1419 1995; x_wconf 89' lang='lat' dir='ltr'><strong>manu</strong></span> <span class='ocrx_word' id='word_1_177' title='bbox 1441 1964 1546 1995; x_wconf 90' lang='lat' dir='ltr'><strong>mea</strong></span> <span class='ocrx_word' id='word_1_178' title='bbox 1565 1965 1663 1995; x_wconf 91' lang='lat' dir='ltr'><strong>non</strong></span> <span class='ocrx_word' id='word_1_179' title='bbox 1681 1949 1803 1996; x_wconf 87' lang='lat' dir='ltr'><strong>acci-</strong></span> 
     </span>
     <span class='ocr_line' id='line_1_23' title="bbox 395 2024 1802 2089; baseline 0.001 -19"><span class='ocrx_word' id='word_1_180' title='bbox 395 2025 510 2088; x_wconf 88' lang='lat' dir='ltr'><strong>pies,</strong></span> <span class='ocrx_word' id='word_1_181' title='bbox 539 2041 626 2088; x_wconf 82' lang='lat' dir='ltr'><strong>pro</strong></span> <span class='ocrx_word' id='word_1_182' title='bbox 643 2041 700 2071; x_wconf 91' lang='lat' dir='ltr'><strong>eo</strong></span> <span class='ocrx_word' id='word_1_183' title='bbox 721 2025 851 2089; x_wconf 89' lang='lat' dir='ltr'><strong>quod</strong></span> <span class='ocrx_word' id='word_1_184' title='bbox 869 2024 1010 2072; x_wconf 88' lang='lat' dir='ltr'><strong>verba</strong></span> <span class='ocrx_word' id='word_1_185' title='bbox 1029 2041 1132 2088; x_wconf 88' lang='lat' dir='ltr'><strong>quae</strong></span> <span class='ocrx_word' id='word_1_186' title='bbox 1151 2024 1280 2071; x_wconf 84' lang='lat' dir='ltr'><strong>furor</strong></span> <span class='ocrx_word' id='word_1_187' title='bbox 1303 2026 1451 2087; x_wconf 82' lang='lat' dir='ltr'><strong>exegit</strong></span> <span class='ocrx_word' id='word_1_188' title='bbox 1475 2024 1588 2071; x_wconf 90' lang='lat' dir='ltr'><strong>meis</strong></span> <span class='ocrx_word' id='word_1_189' title='bbox 1608 2025 1802 2071; x_wconf 85' lang='lat' dir='ltr'><strong>aurib&#39;us</strong></span> 
     </span>
     <span class='ocr_line' id='line_1_24' title="bbox 395 2100 1804 2164; baseline 0.001 -18"><span class='ocrx_word' id='word_1_190' title='bbox 395 2100 606 2147; x_wconf 89' lang='lat' dir='ltr'><strong>intulisti.</strong></span> <span class='ocrx_word' id='word_1_191' title='bbox 639 2120 661 2145; x_wconf 87' lang='lat'>»</span> <span class='ocrx_word' id='word_1_192' title='bbox 691 2104 799 2147; x_wconf 89' lang='lat' dir='ltr'><strong>Erat</strong></span> <span class='ocrx_word' id='word_1_193' title='bbox 822 2111 978 2148; x_wconf 90' lang='lat' dir='ltr'><strong>autem</strong></span> <span class='ocrx_word' id='word_1_194' title='bbox 1002 2101 1221 2147; x_wconf 91' lang='lat' dir='ltr'><strong>convivio</strong></span> <span class='ocrx_word' id='word_1_195' title='bbox 1250 2101 1549 2159; x_wconf 86' lang='lat' dir='ltr'><strong>recumbens,</strong></span> <span class='ocrx_word' id='word_1_196' title='bbox 1585 2101 1646 2147; x_wconf 87' lang='lat' dir='ltr'><strong>ad</strong></span> <span class='ocrx_word' id='word_1_197' title='bbox 1671 2102 1804 2164; x_wconf 90' lang='lat' dir='ltr'><strong>cujus</strong></span> 
     </span>
     <span class='ocr_line' id='line_1_25' title="bbox 394 2177 1804 2240; baseline 0 -17"><span class='ocrx_word' id='word_1_198' title='bbox 394 2187 440 2223; x_wconf 89' lang='lat' dir='ltr'><strong>et</strong></span> <span class='ocrx_word' id='word_1_199' title='bbox 463 2194 550 2240; x_wconf 89' lang='lat' dir='ltr'><strong>ego</strong></span> <span class='ocrx_word' id='word_1_200' title='bbox 575 2177 739 2225; x_wconf 81' lang='lat' dir='ltr'><strong>laevam</strong></span> <span class='ocrx_word' id='word_1_201' title='bbox 768 2194 878 2224; x_wconf 91' lang='lat' dir='ltr'><strong>cum</strong></span> <span class='ocrx_word' id='word_1_202' title='bbox 908 2177 1064 2224; x_wconf 84' lang='lat' dir='ltr'><strong>adhuc</strong></span> <span class='ocrx_word' id='word_1_203' title='bbox 1095 2177 1372 2224; x_wconf 85' lang='lat' dir='ltr'><strong>diaconatus</strong></span> <span class='ocrx_word' id='word_1_204' title='bbox 1406 2177 1622 2239; x_wconf 85' lang='lat' dir='ltr'><strong>fungerer</strong></span> <span class='ocrx_word' id='word_1_205' title='bbox 1643 2177 1804 2224; x_wconf 79' lang='lat' dir='ltr'><strong>officio</strong></span> 
     </span>
     <span class='ocr_line' id='line_1_26' title="bbox 395 2253 1805 2322; baseline 0.001 -23"><span class='ocrx_word' id='word_1_206' title='bbox 395 2255 692 2322; x_wconf 83' lang='lat' dir='ltr'><strong>propinquus</strong></span> <span class='ocrx_word' id='word_1_207' title='bbox 705 2254 1036 2314; x_wconf 85' lang='lat' dir='ltr'><strong>accubueram,</strong></span> <span class='ocrx_word' id='word_1_208' title='bbox 1059 2254 1268 2318; x_wconf 86' lang='lat' dir='ltr'><strong>dixitque</strong></span> <span class='ocrx_word' id='word_1_209' title='bbox 1287 2253 1402 2300; x_wconf 90' lang='lat' dir='ltr'><strong>mihi</strong></span> <span class='ocrx_word' id='word_1_210' title='bbox 1415 2255 1662 2314; x_wconf 83' lang='lat' dir='ltr'><strong>secretius:</strong></span> <span class='ocrx_word' id='word_1_211' title='bbox 1681 2274 1703 2297; x_wconf 76' lang='grc' dir='ltr'><strong>α</strong></span> <span class='ocrx_word' id='word_1_212' title='bbox 1719 2257 1805 2300; x_wconf 94' lang='lat' dir='ltr'><strong>Lo-</strong></span> 
     </span>
     <span class='ocr_line' id='line_1_27' title="bbox 395 2330 1805 2395; baseline -0.001 -18"><span class='ocrx_word' id='word_1_213' title='bbox 395 2347 540 2394; x_wconf 90' lang='lat' dir='ltr'><strong>quere</strong></span> <span class='ocrx_word' id='word_1_214' title='bbox 569 2330 867 2395; x_wconf 83' lang='lat' dir='ltr'><strong>presbyteris,</strong></span> <span class='ocrx_word' id='word_1_215' title='bbox 907 2340 956 2377; x_wconf 89' lang='lat' dir='ltr'><strong>ut</strong></span> <span class='ocrx_word' id='word_1_216' title='bbox 984 2330 1297 2394; x_wconf 83' lang='lat' dir='ltr'><strong>deprecentur</strong></span> <span class='ocrx_word' id='word_1_217' title='bbox 1321 2346 1406 2394; x_wconf 90' lang='lat' dir='ltr'><strong>pro</strong></span> <span class='ocrx_word' id='word_1_218' title='bbox 1429 2346 1504 2376; x_wconf 91' lang='lat' dir='ltr'><strong>eo.</strong></span> <span class='ocrx_word' id='word_1_219' title='bbox 1536 2350 1556 2372; x_wconf 77' lang='lat' dir='ltr'>n</span> <span class='ocrx_word' id='word_1_220' title='bbox 1591 2332 1805 2393; x_wconf 90' lang='lat' dir='ltr'><strong>Cumque</strong></span> 
     </span>
     <span class='ocr_line' id='line_1_28' title="bbox 396 2399 1805 2470; baseline 0 -18"><span class='ocrx_word' id='word_1_221' title='bbox 396 2399 582 2454; x_wconf 86' lang='lat' dir='ltr'><strong>locutus</strong></span> <span class='ocrx_word' id='word_1_222' title='bbox 615 2407 826 2468; x_wconf 83' lang='lat' dir='ltr'><strong>fuissem,</strong></span> <span class='ocrx_word' id='word_1_223' title='bbox 865 2424 961 2454; x_wconf 90' lang='lat' dir='ltr'><strong>non</strong></span> <span class='ocrx_word' id='word_1_224' title='bbox 993 2406 1303 2470; x_wconf 86' lang='lat' dir='ltr'><strong>intelligentes</strong></span> <span class='ocrx_word' id='word_1_225' title='bbox 1333 2407 1627 2453; x_wconf 88' lang='lat' dir='ltr'><strong>voluntatem</strong></span> <span class='ocrx_word' id='word_1_226' title='bbox 1656 2407 1805 2452; x_wconf 89' lang='lat' dir='ltr'><strong>sancti</strong></span> 
     </span>
     <span class='ocr_line' id='line_1_29' title="bbox 396 2481 1804 2547; baseline -0.001 -18"><span class='ocrx_word' id='word_1_227' title='bbox 396 2483 611 2531; x_wconf 91' lang='lat' dir='ltr'><strong>silebant.</strong></span> <span class='ocrx_word' id='word_1_228' title='bbox 630 2484 772 2542; x_wconf 90' lang='lat' dir='ltr'><strong>Quod</strong></span> <span class='ocrx_word' id='word_1_229' title='bbox 787 2484 863 2531; x_wconf 92' lang='lat' dir='ltr'><strong>ille</strong></span> <span class='ocrx_word' id='word_1_230' title='bbox 881 2500 1080 2531; x_wconf 89' lang='lat' dir='ltr'><strong>cernens</strong></span> <span class='ocrx_word' id='word_1_231' title='bbox 1105 2502 1115 2529; x_wconf 90' lang='lat'>:</span> <span class='ocrx_word' id='word_1_232' title='bbox 1143 2503 1164 2526; x_wconf 74' lang='grc' dir='ltr'><strong>(ι</strong></span> <span class='ocrx_word' id='word_1_233' title='bbox 1183 2486 1268 2540; x_wconf 83' lang='grc' dir='ltr'><strong>Τυ,</strong></span> <span class='ocrx_word' id='word_1_234' title='bbox 1298 2483 1466 2547; x_wconf 85' lang='lat' dir='ltr'><strong>inquit,</strong></span> <span class='ocrx_word' id='word_1_235' title='bbox 1493 2498 1630 2545; x_wconf 80' lang='lat' dir='ltr'><strong>surge</strong></span> <span class='ocrx_word' id='word_1_236' title='bbox 1653 2491 1699 2528; x_wconf 87' lang='lat' dir='ltr'><strong>et</strong></span> <span class='ocrx_word' id='word_1_237' title='bbox 1720 2481 1804 2528; x_wconf 88' lang='lat' dir='ltr'><strong>de-</strong></span> 
     </span>
     <span class='ocr_line' id='line_1_30' title="bbox 398 2555 1806 2626; baseline -0.001 -20"><span class='ocrx_word' id='word_1_238' title='bbox 398 2576 588 2624; x_wconf 89' lang='lat' dir='ltr'><strong>precare</strong></span> <span class='ocrx_word' id='word_1_239' title='bbox 608 2577 695 2626; x_wconf 93' lang='lat' dir='ltr'><strong>pro</strong></span> <span class='ocrx_word' id='word_1_240' title='bbox 718 2577 793 2607; x_wconf 90' lang='lat' dir='ltr'><strong>eo.</strong></span> <span class='ocrx_word' id='word_1_241' title='bbox 819 2580 841 2604; x_wconf 90' lang='lat'>»</span> <span class='ocrx_word' id='word_1_242' title='bbox 872 2568 926 2607; x_wconf 84' lang='lat' dir='ltr'><strong>At</strong></span> <span class='ocrx_word' id='word_1_243' title='bbox 944 2555 1038 2623; x_wconf 33' lang='lat' dir='ltr'><strong>ego*</strong></span> <span class='ocrx_word' id='word_1_244' title='bbox 1052 2577 1162 2607; x_wconf 91' lang='lat' dir='ltr'><strong>cum</strong></span> <span class='ocrx_word' id='word_1_245' title='bbox 1183 2559 1496 2624; x_wconf 86' lang='lat' dir='ltr'><strong>trepidatione</strong></span> <span class='ocrx_word' id='word_1_246' title='bbox 1515 2575 1806 2622; x_wconf 85' lang='lat' dir='ltr'><strong>consurgens</strong></span> 
     </span>
     <span class='ocr_line' id='line_1_31' title="bbox 399 2634 1804 2700; baseline -0.001 -18"><span class='ocrx_word' id='word_1_247' title='bbox 399 2636 634 2684; x_wconf 91' lang='lat' dir='ltr'><strong>osculatus</strong></span> <span class='ocrx_word' id='word_1_248' title='bbox 665 2654 770 2683; x_wconf 89' lang='lat' dir='ltr'><strong>sum</strong></span> <span class='ocrx_word' id='word_1_249' title='bbox 802 2647 977 2684; x_wconf 76' lang='lat' dir='ltr'><strong>sancta&gt;</strong></span> <span class='ocrx_word' id='word_1_250' title='bbox 994 2638 1093 2700; x_wconf 90' lang='lat' dir='ltr'><strong>ejus</strong></span> <span class='ocrx_word' id='word_1_251' title='bbox 1125 2651 1294 2698; x_wconf 85' lang='lat' dir='ltr'><strong>genua,</strong></span> <span class='ocrx_word' id='word_1_252' title='bbox 1330 2651 1471 2682; x_wconf 91' lang='lat' dir='ltr'><strong>orans</strong></span> <span class='ocrx_word' id='word_1_253' title='bbox 1496 2650 1584 2698; x_wconf 87' lang='lat' dir='ltr'><strong>pro</strong></span> <span class='ocrx_word' id='word_1_254' title='bbox 1607 2634 1804 2699; x_wconf 84' lang='lat' dir='ltr'><strong>presby-</strong></span> 
     </span>
    </p>
   </div>
   <div class='ocr_carea' id='block_1_4' title="bbox 450 2791 1698 2853">
    <p class='ocr_par' dir='ltr' id='par_1_4' title="bbox 450 2791 1698 2853">
     <span class='ocr_line' id='line_1_32' title="bbox 450 2791 1698 2853; baseline 0 -15"><span class='ocrx_word' id='word_1_255' title='bbox 450 2801 506 2853; x_wconf 87' lang='lat'><strong>(1)</strong></span> <span class='ocrx_word' id='word_1_256' title='bbox 534 2801 650 2845; x_wconf 65' lang='lat' dir='ltr'><strong>Bell„</strong></span> <span class='ocrx_word' id='word_1_257' title='bbox 673 2791 978 2839; x_wconf 69' lang='lat' dir='ltr'><strong>Ermenearium.&#39;</strong></span> <span class='ocrx_word' id='word_1_258' title='bbox 990 2799 1074 2852; x_wconf 88' lang='lat' dir='ltr'>(R.)</span> <span class='ocrx_word' id='word_1_259' title='bbox 1682 2813 1698 2831; x_wconf 67' lang='lat'><strong><em>⁹</em></strong></span> 
     </span>
    </p>
   </div>
   <div class='ocr_carea' id='block_1_5' title="bbox 2017 2105 2054 3450">
    <p class='ocr_par' dir='ltr' id='par_1_5' title="bbox 2017 2105 2054 3450">
     <span class='ocr_line' id='line_1_33' title="bbox 2017 2105 2054 3450; baseline 0 0"><span class='ocrx_word' id='word_1_260' title='bbox 2017 2105 2054 3450; x_wconf 95' lang='lat' dir='ltr'><strong> </strong></span> 
     </span>
    </p>
   </div>
  </div>
 </body>
</html>
