<?xml version="1.0" encoding="UTF-8"?>
<!DOCTYPE html PUBLIC "-//W3C//DTD XHTML 1.0 Transitional//EN"
    "http://www.w3.org/TR/xhtml1/DTD/xhtml1-transitional.dtd">
<html xmlns="http://www.w3.org/1999/xhtml" xml:lang="en" lang="en">
 <head>
  <title>
</title>
<meta http-equiv="Content-Type" content="text/html;charset=utf-8" />
  <meta name='ocr-system' content='tesseract 3.04.00' />
  <meta name='ocr-capabilities' content='ocr_page ocr_carea ocr_par ocr_line ocrx_word'/>
</head>
<body>
  <div class='ocr_page' id='page_1' title='image "./leslivresdesmira03greguoft_0148.png"; bbox 0 0 2054 3450; ppageno 0'>
   <div class='ocr_carea' id='block_1_1' title="bbox 603 382 1563 431">
    <p class='ocr_par' dir='ltr' id='par_1_1' title="bbox 603 382 1563 431">
     <span class='ocr_line' id='line_1_1' title="bbox 603 382 1563 431; baseline -0.005 0"><span class='ocrx_word' id='word_1_1' title='bbox 603 385 859 431; x_wconf 84' lang='lat' dir='ltr'>GEORGII</span> <span class='ocrx_word' id='word_1_2' title='bbox 899 383 1226 429; x_wconf 87' lang='lat' dir='ltr'><strong>FLORENTII</strong></span> <span class='ocrx_word' id='word_1_3' title='bbox 1265 382 1563 428; x_wconf 88' lang='lat' dir='ltr'>GREGORII</span> 
     </span>
    </p>
   </div>
   <div class='ocr_carea' id='block_1_2' title="bbox 828 549 1336 581">
    <p class='ocr_par' dir='ltr' id='par_1_2' title="bbox 828 549 1336 581">
     <span class='ocr_line' id='line_1_2' title="bbox 828 549 1336 581; baseline -0.002 -1"><span class='ocrx_word' id='word_1_4' title='bbox 828 550 1031 581; x_wconf 88' lang='lat' dir='ltr'>EPISCOPI</span> <span class='ocrx_word' id='word_1_5' title='bbox 1062 549 1336 581; x_wconf 83' lang='lat' dir='ltr'>TURONENSIS</span> 
     </span>
    </p>
   </div>
   <div class='ocr_carea' id='block_1_3' title="bbox 718 705 1448 776">
    <p class='ocr_par' dir='ltr' id='par_1_3' title="bbox 718 705 1448 776">
     <span class='ocr_line' id='line_1_3' title="bbox 718 705 1448 776; baseline -0.003 -1"><span class='ocrx_word' id='word_1_6' title='bbox 718 708 984 776; x_wconf 85' lang='lat' dir='ltr'><strong>VITAE</strong></span> <span class='ocrx_word' id='word_1_7' title='bbox 1041 705 1448 776; x_wconf 82' lang='lat' dir='ltr'><strong>PATRUM</strong></span> 
     </span>
    </p>
   </div>
   <div class='ocr_carea' id='block_1_4' title="bbox 1054 889 1120 913">
    <p class='ocr_par' dir='ltr' id='par_1_4' title="bbox 1054 889 1120 913">
     <span class='ocr_line' id='line_1_4' title="bbox 1054 889 1120 913; baseline 0.015 -1"><span class='ocrx_word' id='word_1_8' title='bbox 1054 889 1120 913; x_wconf 65' lang='lat' dir='ltr'><strong>stu</strong></span> 
     </span>
    </p>
   </div>
   <div class='ocr_carea' id='block_1_5' title="bbox 426 1006 1738 1063">
    <p class='ocr_par' dir='ltr' id='par_1_5' title="bbox 426 1006 1738 1063">
     <span class='ocr_line' id='line_1_5' title="bbox 426 1006 1738 1063; baseline -0.003 -9"><span class='ocrx_word' id='word_1_9' title='bbox 426 1013 587 1054; x_wconf 89' lang='lat' dir='ltr'>LIBER</span> <span class='ocrx_word' id='word_1_10' title='bbox 616 1012 691 1053; x_wconf 92' lang='lat' dir='ltr'><strong>DE</strong></span> <span class='ocrx_word' id='word_1_11' title='bbox 721 1011 856 1052; x_wconf 89' lang='lat' dir='ltr'>VITA</span> <span class='ocrx_word' id='word_1_12' title='bbox 885 1009 1255 1063; x_wconf 83' lang='lat' dir='ltr'><strong>QUORUMDAM</strong></span> <span class='ocrx_word' id='word_1_13' title='bbox 1284 1009 1318 1050; x_wconf 92' lang='lat' dir='ltr'>F</span> <span class='ocrx_word' id='word_1_14' title='bbox 1319 1006 1738 1051; x_wconf 69' lang='lat' dir='ltr'>EL101OSORUM1.</span> 
     </span>
    </p>
   </div>
   <div class='ocr_carea' id='block_1_6' title="bbox 903 1406 1264 1460">
    <p class='ocr_par' dir='ltr' id='par_1_6' title="bbox 903 1406 1264 1460">
     <span class='ocr_line' id='line_1_6' title="bbox 903 1406 1264 1460; baseline -0.006 0"><span class='ocrx_word' id='word_1_15' title='bbox 903 1406 1264 1460; x_wconf 86' lang='lat' dir='ltr'><strong>PROLOGUS.</strong></span> 
     </span>
    </p>
   </div>
   <div class='ocr_carea' id='block_1_7' title="bbox 378 1540 1790 2676">
    <p class='ocr_par' dir='ltr' id='par_1_7' title="bbox 378 1540 1790 2676">
     <span class='ocr_line' id='line_1_7' title="bbox 445 1540 1787 1606; baseline -0.001 -17"><span class='ocrx_word' id='word_1_16' title='bbox 445 1546 707 1590; x_wconf 86' lang='lat' dir='ltr'><strong>Statueram</strong></span> <span class='ocrx_word' id='word_1_17' title='bbox 735 1543 930 1606; x_wconf 89' lang='lat' dir='ltr'><strong>quidem</strong></span> <span class='ocrx_word' id='word_1_18' title='bbox 962 1542 1039 1589; x_wconf 91' lang='lat' dir='ltr'><strong>illa</strong></span> <span class='ocrx_word' id='word_1_19' title='bbox 1063 1552 1249 1589; x_wconf 86' lang='lat' dir='ltr'><strong>tantum</strong></span> <span class='ocrx_word' id='word_1_20' title='bbox 1267 1541 1488 1600; x_wconf 87' lang='lat' dir='ltr'><strong>scribere,</strong></span> <span class='ocrx_word' id='word_1_21' title='bbox 1507 1557 1611 1604; x_wconf 88' lang='lat' dir='ltr'><strong>quae</strong></span> <span class='ocrx_word' id='word_1_22' title='bbox 1634 1540 1696 1588; x_wconf 90' lang='lat' dir='ltr'><strong>ad</strong></span> <span class='ocrx_word' id='word_1_23' title='bbox 1712 1558 1787 1588; x_wconf 90' lang='lat' dir='ltr'><strong>se-</strong></span> 
     </span>
     <span class='ocr_line' id='line_1_8' title="bbox 381 1617 1789 1686; baseline -0.003 -19"><span class='ocrx_word' id='word_1_24' title='bbox 381 1621 541 1686; x_wconf 85' lang='lat' dir='ltr'><strong>pulcra</strong></span> <span class='ocrx_word' id='word_1_25' title='bbox 571 1619 952 1666; x_wconf 86' lang='lat' dir='ltr'><strong>beatissimorum</strong></span> <span class='ocrx_word' id='word_1_26' title='bbox 976 1628 1239 1682; x_wconf 86' lang='lat' dir='ltr'><strong>martyrum</strong></span> <span class='ocrx_word' id='word_1_27' title='bbox 1264 1617 1687 1681; x_wconf 74' lang='lat' dir='ltr'>confessorumque</span> <span class='ocrx_word' id='word_1_28' title='bbox 1711 1617 1789 1664; x_wconf 94' lang='lat' dir='ltr'><strong>di-</strong></span> 
     </span>
     <span class='ocr_line' id='line_1_9' title="bbox 381 1692 1789 1759; baseline -0.003 -16"><span class='ocrx_word' id='word_1_29' title='bbox 381 1697 551 1743; x_wconf 76' lang='lat' dir='ltr'><strong>vinitus</strong></span> <span class='ocrx_word' id='word_1_30' title='bbox 576 1704 703 1759; x_wconf 87' lang='lat' dir='ltr'><strong>gesta</strong></span> <span class='ocrx_word' id='word_1_31' title='bbox 718 1702 827 1742; x_wconf 88' lang='lat' dir='ltr'><strong>sunt</strong></span> <span class='ocrx_word' id='word_1_32' title='bbox 855 1712 865 1740; x_wconf 88' lang='lat'>:</span> <span class='ocrx_word' id='word_1_33' title='bbox 893 1694 976 1741; x_wconf 91' lang='lat' dir='ltr'><strong>sed</strong></span> <span class='ocrx_word' id='word_1_34' title='bbox 997 1694 1226 1758; x_wconf 89' lang='lat' dir='ltr'><strong>quoniam</strong></span> <span class='ocrx_word' id='word_1_35' title='bbox 1248 1693 1465 1757; x_wconf 83' lang='lat' dir='ltr'><strong>quaedam</strong></span> <span class='ocrx_word' id='word_1_36' title='bbox 1479 1692 1540 1740; x_wconf 88' lang='lat' dir='ltr'><strong>de</strong></span> <span class='ocrx_word' id='word_1_37' title='bbox 1556 1693 1611 1740; x_wconf 91' lang='lat' dir='ltr'><strong>iis</strong></span> <span class='ocrx_word' id='word_1_38' title='bbox 1635 1710 1789 1758; x_wconf 85' lang='lat' dir='ltr'>nuper</span> 
     </span>
     <span class='ocr_line' id='line_1_10' title="bbox 380 1770 1785 1838; baseline -0.001 -18"><span class='ocrx_word' id='word_1_39' title='bbox 380 1774 533 1838; x_wconf 85' lang='lat' dir='ltr'><strong>reperi</strong></span> <span class='ocrx_word' id='word_1_40' title='bbox 566 1789 688 1835; x_wconf 90' lang='lat' dir='ltr'><strong>quos</strong></span> <span class='ocrx_word' id='word_1_41' title='bbox 722 1772 870 1819; x_wconf 83' lang='lat' dir='ltr'><strong>beatae</strong></span> <span class='ocrx_word' id='word_1_42' title='bbox 904 1771 1277 1818; x_wconf 90' lang='lat' dir='ltr'><strong>conversationis</strong></span> <span class='ocrx_word' id='word_1_43' title='bbox 1307 1771 1529 1817; x_wconf 88' lang='lat' dir='ltr'><strong>meritum</strong></span> <span class='ocrx_word' id='word_1_44' title='bbox 1552 1770 1705 1817; x_wconf 86' lang='lat' dir='ltr'><strong>evexit</strong></span> <span class='ocrx_word' id='word_1_45' title='bbox 1726 1770 1785 1818; x_wconf 90' lang='lat' dir='ltr'><strong>ad</strong></span> 
     </span>
     <span class='ocr_line' id='line_1_11' title="bbox 379 1846 1788 1912; baseline -0.002 -15"><span class='ocrx_word' id='word_1_46' title='bbox 379 1851 569 1908; x_wconf 85' lang='lat' dir='ltr'><strong>coelum,</strong></span> <span class='ocrx_word' id='word_1_47' title='bbox 594 1865 898 1912; x_wconf 86' lang='lat' dir='ltr'><strong>quorumque</strong></span> <span class='ocrx_word' id='word_1_48' title='bbox 933 1850 1037 1895; x_wconf 84' lang='lat' dir='ltr'><strong>vitae</strong></span> <span class='ocrx_word' id='word_1_49' title='bbox 1067 1848 1300 1894; x_wconf 80' lang='lat' dir='ltr'><strong>tramitem</strong></span> <span class='ocrx_word' id='word_1_50' title='bbox 1325 1847 1463 1894; x_wconf 89' lang='lat' dir='ltr'><strong>certis</strong></span> <span class='ocrx_word' id='word_1_51' title='bbox 1481 1846 1788 1894; x_wconf 83' lang='lat' dir='ltr'><strong>relationibus</strong></span> 
     </span>
     <span class='ocr_line' id='line_1_12' title="bbox 379 1924 1787 1991; baseline -0.001 -18"><span class='ocrx_word' id='word_1_52' title='bbox 379 1928 623 1991; x_wconf 79' lang='lat' dir='ltr'><strong>cognitum</strong></span> <span class='ocrx_word' id='word_1_53' title='bbox 646 1925 902 1972; x_wconf 89' lang='lat' dir='ltr'><strong>Ecclesiam</strong></span> <span class='ocrx_word' id='word_1_54' title='bbox 923 1924 1150 1972; x_wconf 82' lang='lat' dir='ltr'><strong>aedificare</strong></span> <span class='ocrx_word' id='word_1_55' title='bbox 1172 1925 1353 1988; x_wconf 89' lang='lat' dir='ltr'><strong>putavi,</strong></span> <span class='ocrx_word' id='word_1_56' title='bbox 1380 1924 1535 1971; x_wconf 82' lang='lat' dir='ltr'><strong>dicere</strong></span> <span class='ocrx_word' id='word_1_57' title='bbox 1559 1924 1715 1988; x_wconf 87' lang='lat' dir='ltr'><strong>aliqua</strong></span> <span class='ocrx_word' id='word_1_58' title='bbox 1731 1941 1787 1971; x_wconf 86' lang='lat' dir='ltr'><strong>ex</strong></span> 
     </span>
     <span class='ocr_line' id='line_1_13' title="bbox 379 2000 1789 2067; baseline -0.001 -18"><span class='ocrx_word' id='word_1_59' title='bbox 379 2003 468 2049; x_wconf 90' lang='lat' dir='ltr'><strong>illis</strong></span> <span class='ocrx_word' id='word_1_60' title='bbox 491 2002 843 2067; x_wconf 81' lang='lat' dir='ltr'><strong>opportunitate</strong></span> <span class='ocrx_word' id='word_1_61' title='bbox 857 2011 1055 2062; x_wconf 82' lang='lat' dir='ltr'><strong>cogente</strong></span> <span class='ocrx_word' id='word_1_62' title='bbox 1071 2017 1168 2047; x_wconf 90' lang='lat' dir='ltr'><strong>non</strong></span> <span class='ocrx_word' id='word_1_63' title='bbox 1183 2001 1368 2058; x_wconf 86' lang='lat' dir='ltr'><strong>differo,</strong></span> <span class='ocrx_word' id='word_1_64' title='bbox 1387 2000 1498 2064; x_wconf 90' lang='lat' dir='ltr'><strong>quia</strong></span> <span class='ocrx_word' id='word_1_65' title='bbox 1514 2010 1789 2047; x_wconf 86' lang='lat' dir='ltr'><strong>sanctorum</strong></span> 
     </span>
     <span class='ocr_line' id='line_1_14' title="bbox 378 2077 1790 2141; baseline -0.001 -15"><span class='ocrx_word' id='word_1_66' title='bbox 378 2079 474 2126; x_wconf 87' lang='lat' dir='ltr'><strong>vita</strong></span> <span class='ocrx_word' id='word_1_67' title='bbox 507 2094 606 2125; x_wconf 93' lang='lat' dir='ltr'><strong>non</strong></span> <span class='ocrx_word' id='word_1_68' title='bbox 642 2077 788 2124; x_wconf 88' lang='lat' dir='ltr'><strong>modo</strong></span> <span class='ocrx_word' id='word_1_69' title='bbox 823 2094 993 2124; x_wconf 89' lang='lat' dir='ltr'><strong>eorum</strong></span> <span class='ocrx_word' id='word_1_70' title='bbox 1038 2077 1204 2141; x_wconf 86' lang='lat' dir='ltr'><strong>pandit</strong></span> <span class='ocrx_word' id='word_1_71' title='bbox 1251 2077 1574 2141; x_wconf 86' lang='lat' dir='ltr'><strong>propositum,</strong></span> <span class='ocrx_word' id='word_1_72' title='bbox 1622 2093 1790 2124; x_wconf 88' lang='lat' dir='ltr'><strong>verum</strong></span> 
     </span>
     <span class='ocr_line' id='line_1_15' title="bbox 379 2152 1788 2216; baseline -0.003 -14"><span class='ocrx_word' id='word_1_73' title='bbox 379 2156 519 2202; x_wconf 89' lang='lat' dir='ltr'><strong>etiam</strong></span> <span class='ocrx_word' id='word_1_74' title='bbox 536 2154 807 2201; x_wconf 78' lang='lat' dir='ltr'><strong>auditorum</strong></span> <span class='ocrx_word' id='word_1_75' title='bbox 826 2154 1011 2199; x_wconf 89' lang='lat' dir='ltr'><strong>animos</strong></span> <span class='ocrx_word' id='word_1_76' title='bbox 1034 2153 1196 2199; x_wconf 89' lang='lat' dir='ltr'><strong>incitat</strong></span> <span class='ocrx_word' id='word_1_77' title='bbox 1209 2152 1271 2199; x_wconf 88' lang='lat' dir='ltr'><strong>ad</strong></span> <span class='ocrx_word' id='word_1_78' title='bbox 1289 2153 1583 2216; x_wconf 87' lang='lat' dir='ltr'><strong>profectum:</strong></span> <span class='ocrx_word' id='word_1_79' title='bbox 1601 2162 1649 2199; x_wconf 91' lang='lat' dir='ltr'><strong>et</strong></span> <span class='ocrx_word' id='word_1_80' title='bbox 1661 2169 1788 2216; x_wconf 51' lang='lat' dir='ltr'><strong>quae,-</strong></span> 
     </span>
     <span class='ocr_line' id='line_1_16' title="bbox 379 2229 1790 2294; baseline -0.001 -16"><span class='ocrx_word' id='word_1_81' title='bbox 379 2233 498 2278; x_wconf 83' lang='lat' dir='ltr'><strong>ritur</strong></span> <span class='ocrx_word' id='word_1_82' title='bbox 527 2248 555 2278; x_wconf 89' lang='lat' dir='ltr'><strong>a</strong></span> <span class='ocrx_word' id='word_1_83' title='bbox 583 2229 871 2294; x_wconf 87' lang='lat' dir='ltr'><strong>quibusdam</strong></span> <span class='ocrx_word' id='word_1_84' title='bbox 893 2239 1054 2276; x_wconf 88' lang='lat' dir='ltr'><strong>utrum</strong></span> <span class='ocrx_word' id='word_1_85' title='bbox 1081 2230 1232 2276; x_wconf 87' lang='lat' dir='ltr'><strong>Vitam</strong></span> <span class='ocrx_word' id='word_1_86' title='bbox 1255 2239 1547 2287; x_wconf 84' lang='lat' dir='ltr'><strong>sanctorum,</strong></span> <span class='ocrx_word' id='word_1_87' title='bbox 1571 2245 1632 2276; x_wconf 91' lang='lat' dir='ltr'><strong>an</strong></span> <span class='ocrx_word' id='word_1_88' title='bbox 1660 2230 1790 2277; x_wconf 89' lang='lat' dir='ltr'><strong>Vitas</strong></span> 
     </span>
     <span class='ocr_line' id='line_1_17' title="bbox 379 2305 1790 2370; baseline -0.002 -15"><span class='ocrx_word' id='word_1_89' title='bbox 379 2309 535 2355; x_wconf 90' lang='lat' dir='ltr'><strong>dicere</strong></span> <span class='ocrx_word' id='word_1_90' title='bbox 569 2307 844 2353; x_wconf 87' lang='lat' dir='ltr'><strong>debeamus.</strong></span> <span class='ocrx_word' id='word_1_91' title='bbox 882 2305 1083 2370; x_wconf 87' lang='lat' dir='ltr'><strong>Agellius</strong></span> <span class='ocrx_word' id='word_1_92' title='bbox 1128 2315 1288 2352; x_wconf 87' lang='lat' dir='ltr'><strong>autem</strong></span> <span class='ocrx_word' id='word_1_93' title='bbox 1327 2315 1374 2352; x_wconf 92' lang='lat' dir='ltr'><strong>et</strong></span> <span class='ocrx_word' id='word_1_94' title='bbox 1416 2305 1686 2370; x_wconf 88' lang='lat' dir='ltr'><strong>complures</strong></span> <span class='ocrx_word' id='word_1_95' title='bbox 1710 2306 1790 2353; x_wconf 87' lang='lat' dir='ltr'><strong>alii</strong></span> 
     </span>
     <span class='ocr_line' id='line_1_18' title="bbox 379 2382 1789 2449; baseline 0 -19"><span class='ocrx_word' id='word_1_96' title='bbox 379 2383 776 2449; x_wconf 88' lang='lat' dir='ltr'><strong>philosophorum</strong></span> <span class='ocrx_word' id='word_1_97' title='bbox 808 2384 936 2430; x_wconf 86' lang='lat' dir='ltr'><strong>Vitas</strong></span> <span class='ocrx_word' id='word_1_98' title='bbox 972 2382 1129 2429; x_wconf 89' lang='lat' dir='ltr'><strong>dicere</strong></span> <span class='ocrx_word' id='word_1_99' title='bbox 1156 2382 1427 2429; x_wconf 85' lang='lat' dir='ltr'><strong>voluerunt.</strong></span> <span class='ocrx_word' id='word_1_100' title='bbox 1465 2385 1581 2428; x_wconf 91' lang='lat' dir='ltr'><strong>Nam</strong></span> <span class='ocrx_word' id='word_1_101' title='bbox 1614 2383 1789 2430; x_wconf 88' lang='lat' dir='ltr'><strong>Plinius</strong></span> 
     </span>
     <span class='ocr_line' id='line_1_19' title="bbox 380 2458 1788 2521; baseline -0.001 -13"><span class='ocrx_word' id='word_1_102' title='bbox 380 2471 546 2508; x_wconf 85' lang='lat' dir='ltr'><strong>auctor</strong></span> <span class='ocrx_word' id='word_1_103' title='bbox 560 2460 608 2506; x_wconf 91' lang='lat' dir='ltr'><strong>in</strong></span> <span class='ocrx_word' id='word_1_104' title='bbox 628 2459 767 2506; x_wconf 84' lang='lat' dir='ltr'><strong>tertio</strong></span> <span class='ocrx_word' id='word_1_105' title='bbox 789 2459 905 2505; x_wconf 82' lang='lat' dir='ltr'><strong>Artis</strong></span> <span class='ocrx_word' id='word_1_106' title='bbox 925 2459 1237 2521; x_wconf 80' lang='lat' dir='ltr'><strong>grammaticae</strong></span> <span class='ocrx_word' id='word_1_107' title='bbox 1253 2458 1394 2518; x_wconf 87' lang='lat' dir='ltr'><strong>libro,</strong></span> <span class='ocrx_word' id='word_1_108' title='bbox 1415 2458 1507 2504; x_wconf 90' lang='lat' dir='ltr'><strong>ait:</strong></span> <span class='ocrx_word' id='word_1_109' title='bbox 1528 2458 1686 2505; x_wconf 88' lang='lat' dir='ltr'><strong>«Vitas</strong></span> <span class='ocrx_word' id='word_1_110' title='bbox 1703 2475 1788 2506; x_wconf 90' lang='lat' dir='ltr'><strong>an—</strong></span> 
     </span>
     <span class='ocr_line' id='line_1_20' title="bbox 380 2534 1787 2599; baseline -0.001 -17"><span class='ocrx_word' id='word_1_111' title='bbox 380 2536 499 2599; x_wconf 88' lang='lat' dir='ltr'><strong>tiqui</strong></span> <span class='ocrx_word' id='word_1_112' title='bbox 530 2536 857 2599; x_wconf 91' lang='lat' dir='ltr'><strong>cujuscunque</strong></span> <span class='ocrx_word' id='word_1_113' title='bbox 887 2544 1104 2581; x_wconf 84' lang='lat' dir='ltr'><strong>nostrum</strong></span> <span class='ocrx_word' id='word_1_114' title='bbox 1126 2535 1367 2593; x_wconf 82' lang='lat' dir='ltr'><strong>dixerunt3</strong></span> <span class='ocrx_word' id='word_1_115' title='bbox 1394 2534 1476 2580; x_wconf 93' lang='lat' dir='ltr'><strong>sed</strong></span> <span class='ocrx_word' id='word_1_116' title='bbox 1498 2535 1787 2597; x_wconf 86' lang='lat' dir='ltr'><strong>grammatici</strong></span> 
     </span>
     <span class='ocr_line' id='line_1_21' title="bbox 378 2609 1786 2676; baseline 0 -20"><span class='ocrx_word' id='word_1_117' title='bbox 378 2611 608 2676; x_wconf 88' lang='lat' dir='ltr'><strong>pluralem</strong></span> <span class='ocrx_word' id='word_1_118' title='bbox 632 2627 731 2657; x_wconf 89' lang='lat' dir='ltr'><strong>non</strong></span> <span class='ocrx_word' id='word_1_119' title='bbox 750 2620 919 2675; x_wconf 88' lang='lat' dir='ltr'><strong>putant</strong></span> <span class='ocrx_word' id='word_1_120' title='bbox 930 2609 1106 2656; x_wconf 89' lang='lat' dir='ltr'><strong>habere</strong></span> <span class='ocrx_word' id='word_1_121' title='bbox 1117 2610 1312 2657; x_wconf 84' lang='lat' dir='ltr'><strong>vitam.»</strong></span> <span class='ocrx_word' id='word_1_122' title='bbox 1334 2609 1471 2656; x_wconf 88' lang='lat' dir='ltr'><strong>Unde</strong></span> <span class='ocrx_word' id='word_1_123' title='bbox 1487 2610 1786 2657; x_wconf 82' lang='lat' dir='ltr'><strong>manifestum</strong></span> 
     </span>
    </p>
   </div>
   <div class='ocr_carea' id='block_1_8' title="bbox 433 2788 1010 2841">
    <p class='ocr_par' dir='ltr' id='par_1_8' title="bbox 433 2788 1010 2841">
     <span class='ocr_line' id='line_1_22' title="bbox 433 2788 1010 2841; baseline 0.003 -15"><span class='ocrx_word' id='word_1_124' title='bbox 433 2788 486 2841; x_wconf 88' lang='lat'><strong>(1)</strong></span> <span class='ocrx_word' id='word_1_125' title='bbox 514 2789 615 2827; x_wconf 86' lang='lat' dir='ltr'><strong>Alias</strong></span> <span class='ocrx_word' id='word_1_126' title='bbox 634 2791 903 2839; x_wconf 69' lang='lat' dir='ltr'><strong>religIosorum.</strong></span> <span class='ocrx_word' id='word_1_127' title='bbox 927 2788 1010 2840; x_wconf 89' lang='lat' dir='ltr'><strong>(R.)</strong></span> 
     </span>
    </p>
   </div>
  </div>
 </body>
</html>
