2054 3450
437 399 484 432 52
796 399 861 432 DE
888 397 1070 433 GLORIA
1101 398 1475 436 CONFESSORUM.

435 483 493 528 (le
512 483 797 529 conscientia
820 483 988 529 mentis
1012 492 1198 540 sanctae,
1226 484 1377 530 sciens
1399 501 1447 530 se
1479 485 1549 531 uri
1573 501 1669 531 non
1700 501 1838 549 posse

433 558 491 604 ab
517 559 738 605 incentivi
772 559 890 622 ignis
926 558 1112 605 ardore.
1140 558 1232 605 Sed
1264 575 1382 606 saeva
1412 559 1638 616 daemonis
1663 560 1837 606 invidia

431 645 596 682 contra
618 647 804 683 sanctos
829 636 911 682 Dei
937 636 1167 701 probrosa
1189 639 1357 683 excitat
1389 636 1527 695 bella,
1562 646 1608 683 et
1637 654 1741 701 quae
1766 638 1839 683 in-

430 712 602 758 stinctu
619 729 706 759 suo
729 712 969 759 destruere
987 730 1084 759 non
1108 714 1280 777 potuit,
1305 714 1467 759 nititur
1487 712 1640 760 verbis
1661 713 1837 760 subdo—

429 789 484 835 lis
505 789 747 836 infamare.
775 790 901 847 Quid
928 789 1094 854 plura?
1118 792 1169 836 In
1201 790 1282 836 illo
1308 790 1534 836 dominici
1561 790 1731 838 Natalis
1761 790 1838 838 die

428 877 792 913 commoventur
822 867 947 913 cives
978 869 1025 913 in
1053 867 1347 925 scandalum,
1375 876 1420 913 et
1444 866 1503 913 ad
1527 865 1714 914 beatam
1744 868 1836 914 vir-

427 942 584 1004 ginem
603 943 770 1007 rapido
783 960 923 990 cursu
936 954 1246 1005 concurrunt,
1264 944 1471 990 dicentes
1489 961 1499 990 :
1520 962 1542 988 α
1561 943 1837 991 Incredibile

426 1029 496 1065 est
521 1020 767 1066 mulierem
790 1020 893 1066 viro
920 1021 1134 1084 junctam
1162 1021 1306 1085 pollui
1330 1038 1427 1067 non
1458 1037 1610 1084 posse,
1642 1020 1725 1067 sed
1749 1037 1836 1078 nec

426 1097 495 1142 vir
519 1098 690 1162 poterit
709 1097 906 1144 artubus
935 1097 1142 1144 mulieris
1160 1099 1352 1161 junctus
1373 1113 1401 1144 a
1428 1097 1557 1143 coitu
1581 1096 1832 1144 abstinere.

424 1174 500 1220 Sic
543 1175 717 1220 etenim
755 1174 1024 1221 Solomonis
1058 1174 1305 1239 proverbia
1343 1174 1629 1238 proferunt:
1664 1177 1831 1235 Nemo,

423 1251 511 1307 ait,
562 1260 756 1313 tangens
785 1251 937 1314 picem
979 1251 1186 1298 mundus
1227 1252 1396 1316 poterit
1426 1253 1564 1297 esse¹.
1607 1270 1629 1294 υ
1673 1253 1834 1314 Neque

421 1327 547 1373 enim
566 1328 612 1373 in
632 1328 735 1374 sinu
754 1327 909 1390 ignem
926 1328 1031 1392 quis
1048 1329 1250 1392 gestiens
1269 1345 1363 1375 non
1385 1327 1689 1374 cremabitur.
1709 1329 1832 1391 Ergo

422 1403 636 1451 videmus
655 1421 739 1451 vos
763 1421 860 1451 uno
884 1405 931 1451 in
957 1414 1062 1451 toro
1080 1405 1373 1464 recumbere,
1390 1414 1437 1452 et
1458 1405 1683 1468 suspicari
1704 1404 1831 1451 aliud

422 1497 516 1526 non
543 1497 809 1544 possumus,
836 1481 923 1527 nisi
948 1483 1239 1529 misceamini
1262 1481 1418 1529 simul.
1442 1500 1464 1525 υ
1488 1481 1568 1527 His
1591 1490 1831 1528 commota

420 1556 550 1619 virgo
586 1558 898 1617 sanctissima,
927 1558 1197 1620 aggreditur
1219 1557 1494 1623 pontificem
1523 1557 1661 1604 simili
1689 1558 1828 1604 casti-

418 1641 511 1678 tate
528 1632 804 1696 pollentem,
832 1634 1158 1698 replicatisque
1187 1651 1348 1681 coram
1371 1634 1504 1680 omni
1535 1633 1716 1698 populo
1737 1650 1829 1680 ser-

419 1709 639 1756 monibus
663 1726 784 1773 quos
818 1711 1048 1771 audierat,
1087 1711 1311 1775 puellam,
1343 1727 1448 1774 qnae
1479 1719 1592 1756 tunc
1619 1709 1824 1774 plenam,

417 1795 466 1831 ut
483 1786 670 1845 assolet,
697 1803 785 1850 pro
817 1787 985 1850 injuria
1013 1786 1182 1834 hiemis
1205 1787 1386 1834 arulam
1406 1802 1515 1834 cum
1538 1785 1827 1834 carbonibus

413 1862 659 1918 retinebat,
688 1873 851 1920 vocat,
882 1879 1186 1928 expansoque
1223 1863 1366 1928 pallio
1403 1878 1579 1928 prunas
1608 1862 1827 1911 ardentes

411 1942 618 2004 suscipit,
643 1952 687 1987 et
717 1941 810 1988 fere
830 1941 959 1988 horae
984 1942 1121 1988 unius
1144 1942 1296 2006 spatio
1325 1951 1506 1998 tenens,
1533 1940 1823 1987 sacerdotem

409 2027 592 2078 evocat,
626 2017 819 2064 dicens:
851 2019 1060 2081 «Accipe
1096 2018 1332 2064 mitiorem
1363 2017 1503 2063 solito
1534 2018 1707 2080 ignem,
1736 2033 1823 2064 ne·-

409 2109 649 2156 quaquam
669 2095 759 2140 tuis
781 2093 1093 2140 velaminibus
1112 2095 1400 2149 nociturum,
1429 2102 1480 2140 ut
1499 2093 1752 2140 ostendant
1773 2094 1821 2140 in

410 2170 548 2216 nobis
579 2170 650 2217 hae
676 2170 876 2217 ssammae
910 2172 1158 2218 exstinctas
1192 2171 1404 2218 flammas
1437 2187 1537 2217 esse
1565 2170 1819 2217 luxuriae.»

409 2247 699 2311 Suscipiente
724 2264 833 2293 vero
857 2246 1098 2311 pontifice,
1126 2247 1242 2294 nihil
1268 2248 1480 2294 nocitum
1506 2256 1574 2293 est
1609 2247 1819 2295 velamen

408 2322 508 2384 ejus
528 2323 588 2370 ab
613 2324 736 2387 igne.
766 2326 865 2370 Hoc
887 2323 1113 2370 miraculo
1137 2323 1358 2388 populus,
1388 2324 1469 2387 qui
1485 2333 1584 2369 erat
1603 2333 1715 2370 tunc
1738 2324 1820 2370 in-

408 2399 642 2454 credulus,
664 2400 864 2447 credidit
889 2403 1006 2458 Deo,
1041 2410 1087 2446 et
1120 2401 1240 2447 inter
1272 2411 1454 2464 septem
1485 2399 1584 2446 dies
1620 2400 1821 2466 amplius

407 2493 551 2538 quam
567 2476 691 2523 mille
707 2477 927 2522 homines
946 2477 1065 2523 sacri
1088 2477 1394 2523 innovatione
1415 2477 1589 2523 lavacri
1611 2485 1721 2523 sunt
1739 2493 1819 2524 re-

409 2554 520 2599 nati.
548 2557 679 2610 Quos
703 2555 962 2617 suscipiens
985 2553 1207 2613 Ecclesia,
1233 2552 1444 2616 gaudens
1468 2553 1644 2600 coelesti
1669 2569 1814 2616 regno

405 2645 490 2693 per
512 2629 601 2676 hos
621 2630 790 2685 milites
813 2630 1067 2695 copulavit.

458 2866 515 2918 (l)
542 2869 704 2914 Eccles„
727 2881 814 2916 xm,
843 2873 874 2906 t.
