<?xml version="1.0" encoding="UTF-8"?>
<!DOCTYPE html PUBLIC "-//W3C//DTD XHTML 1.0 Transitional//EN"
    "http://www.w3.org/TR/xhtml1/DTD/xhtml1-transitional.dtd">
<html xmlns="http://www.w3.org/1999/xhtml" xml:lang="en" lang="en">
 <head>
  <title>
</title>
<meta http-equiv="Content-Type" content="text/html;charset=utf-8" />
  <meta name='ocr-system' content='tesseract 3.04.00' />
  <meta name='ocr-capabilities' content='ocr_page ocr_carea ocr_par ocr_line ocrx_word'/>
</head>
<body>
  <div class='ocr_page' id='page_1' title='image "./leslivresdesmira03greguoft_0140.png"; bbox 0 0 2054 3450; ppageno 0'>
   <div class='ocr_carea' id='block_1_1' title="bbox 405 339 1439 379">
    <p class='ocr_par' dir='ltr' id='par_1_1' title="bbox 405 339 1439 379">
     <span class='ocr_line' id='line_1_1' title="bbox 405 339 1439 379; baseline 0.001 -1"><span class='ocrx_word' id='word_1_1' title='bbox 405 341 480 379; x_wconf 77' lang='lat'>124</span> <span class='ocrx_word' id='word_1_2' title='bbox 764 341 830 377; x_wconf 89' lang='lat' dir='ltr'>DE</span> <span class='ocrx_word' id='word_1_3' title='bbox 857 339 1044 377; x_wconf 89' lang='lat' dir='ltr'><strong>GLORIA</strong></span> <span class='ocrx_word' id='word_1_4' title='bbox 1070 339 1439 379; x_wconf 89' lang='lat' dir='ltr'>CONFESSORUM.</span> 
     </span>
    </p>
   </div>
   <div class='ocr_carea' id='block_1_2' title="bbox 970 479 1242 515">
    <p class='ocr_par' dir='ltr' id='par_1_2' title="bbox 970 479 1242 515">
     <span class='ocr_line' id='line_1_2' title="bbox 970 479 1242 515; baseline 0.004 -1"><span class='ocrx_word' id='word_1_5' title='bbox 970 479 1127 515; x_wconf 89' lang='lat' dir='ltr'><strong>CAPUT</strong></span> <span class='ocrx_word' id='word_1_6' title='bbox 1149 479 1242 515; x_wconf 86' lang='lat' dir='ltr'>CXI.</span> 
     </span>
    </p>
   </div>
   <div class='ocr_carea' id='block_1_3' title="bbox 684 570 1522 618">
    <p class='ocr_par' dir='ltr' id='par_1_3' title="bbox 684 570 1522 618">
     <span class='ocr_line' id='line_1_3' title="bbox 684 570 1522 618; baseline -0.001 -13"><span class='ocrx_word' id='word_1_7' title='bbox 684 572 735 606; x_wconf 92' lang='lat' dir='ltr'>De</span> <span class='ocrx_word' id='word_1_8' title='bbox 756 570 970 617; x_wconf 85' lang='lat' dir='ltr'>negotiatore</span> <span class='ocrx_word' id='word_1_9' title='bbox 986 570 1047 616; x_wconf 88' lang='lat' dir='ltr'>qui</span> <span class='ocrx_word' id='word_1_10' title='bbox 1064 570 1320 618; x_wconf 84' lang='lat' dir='ltr'><strong>eleemosynam</strong></span> <span class='ocrx_word' id='word_1_11' title='bbox 1339 582 1410 604; x_wconf 90' lang='lat' dir='ltr'>non</span> <span class='ocrx_word' id='word_1_12' title='bbox 1431 570 1522 605; x_wconf 81' lang='lat' dir='ltr'>fecit.</span> 
     </span>
    </p>
   </div>
   <div class='ocr_carea' id='block_1_4' title="bbox 402 678 1812 2436">
    <p class='ocr_par' dir='ltr' id='par_1_4' title="bbox 402 678 1812 2436">
     <span class='ocr_line' id='line_1_4' title="bbox 467 678 1805 743; baseline 0.002 -20"><span class='ocrx_word' id='word_1_13' title='bbox 467 678 543 724; x_wconf 92' lang='lat' dir='ltr'>Sic</span> <span class='ocrx_word' id='word_1_14' title='bbox 573 687 619 725; x_wconf 88' lang='lat' dir='ltr'>et</span> <span class='ocrx_word' id='word_1_15' title='bbox 648 678 857 742; x_wconf 91' lang='lat' dir='ltr'>quodam</span> <span class='ocrx_word' id='word_1_16' title='bbox 890 679 996 725; x_wconf 92' lang='lat' dir='ltr'>loco</span> <span class='ocrx_word' id='word_1_17' title='bbox 1030 679 1077 724; x_wconf 90' lang='lat' dir='ltr'>in</span> <span class='ocrx_word' id='word_1_18' title='bbox 1112 688 1253 743; x_wconf 80' lang='lat' dir='ltr'>portu</span> <span class='ocrx_word' id='word_1_19' title='bbox 1285 678 1426 724; x_wconf 88' lang='lat' dir='ltr'>maris</span> <span class='ocrx_word' id='word_1_20' title='bbox 1455 688 1636 742; x_wconf 88' lang='lat' dir='ltr'>gestum</span> <span class='ocrx_word' id='word_1_21' title='bbox 1667 679 1805 726; x_wconf 86' lang='lat' dir='ltr'>fuisse</span> 
     </span>
     <span class='ocr_line' id='line_1_5' title="bbox 404 754 1800 819; baseline 0.001 -18"><span class='ocrx_word' id='word_1_22' title='bbox 404 754 662 803; x_wconf 88' lang='lat' dir='ltr'>multorum</span> <span class='ocrx_word' id='word_1_23' title='bbox 681 756 930 803; x_wconf 79' lang='lat' dir='ltr'>confirmat</span> <span class='ocrx_word' id='word_1_24' title='bbox 950 756 1129 803; x_wconf 84' lang='lat' dir='ltr'>relatio.</span> <span class='ocrx_word' id='word_1_25' title='bbox 1152 755 1356 812; x_wconf 85' lang='lat' dir='ltr'><strong>Quidam</strong></span> <span class='ocrx_word' id='word_1_26' title='bbox 1381 771 1560 819; x_wconf 80' lang='lat' dir='ltr'>pauper</span> <span class='ocrx_word' id='word_1_27' title='bbox 1579 765 1624 802; x_wconf 90' lang='lat' dir='ltr'>et</span> <span class='ocrx_word' id='word_1_28' title='bbox 1644 772 1800 816; x_wconf 86' lang='lat' dir='ltr'><strong>senex,</strong></span> 
     </span>
     <span class='ocr_line' id='line_1_6' title="bbox 402 832 1806 897; baseline 0.001 -19"><span class='ocrx_word' id='word_1_29' title='bbox 402 833 651 897; x_wconf 83' lang='lat' dir='ltr'>marsupiis</span> <span class='ocrx_word' id='word_1_30' title='bbox 673 843 911 891; x_wconf 88' lang='lat' dir='ltr'>oneratus,</span> <span class='ocrx_word' id='word_1_31' title='bbox 937 833 1065 879; x_wconf 87' lang='lat' dir='ltr'>venit</span> <span class='ocrx_word' id='word_1_32' title='bbox 1087 833 1146 879; x_wconf 91' lang='lat' dir='ltr'>ad</span> <span class='ocrx_word' id='word_1_33' title='bbox 1170 832 1296 878; x_wconf 85' lang='lat' dir='ltr'>littus</span> <span class='ocrx_word' id='word_1_34' title='bbox 1319 832 1482 890; x_wconf 87' lang='lat' dir='ltr'>maris;</span> <span class='ocrx_word' id='word_1_35' title='bbox 1510 842 1557 878; x_wconf 93' lang='lat' dir='ltr'>et</span> <span class='ocrx_word' id='word_1_36' title='bbox 1580 832 1806 880; x_wconf 85' lang='lat' dir='ltr'><strong>accedens</strong></span> 
     </span>
     <span class='ocr_line' id='line_1_7' title="bbox 403 909 1804 973; baseline 0 -18"><span class='ocrx_word' id='word_1_37' title='bbox 403 909 462 955; x_wconf 90' lang='lat' dir='ltr'>ad</span> <span class='ocrx_word' id='word_1_38' title='bbox 497 919 688 973; x_wconf 86' lang='lat' dir='ltr'>portum</span> <span class='ocrx_word' id='word_1_39' title='bbox 724 920 882 973; x_wconf 83' lang='lat' dir='ltr'>petere</span> <span class='ocrx_word' id='word_1_40' title='bbox 919 911 1266 973; x_wconf 82' lang='lat' dir='ltr'>eleemosynam</span> <span class='ocrx_word' id='word_1_41' title='bbox 1302 925 1329 955; x_wconf 92' lang='lat' dir='ltr'>a</span> <span class='ocrx_word' id='word_1_42' title='bbox 1363 909 1595 956; x_wconf 86' lang='lat' dir='ltr'>naucleris</span> <span class='ocrx_word' id='word_1_43' title='bbox 1635 909 1804 973; x_wconf 83' lang='lat' dir='ltr'>coepit,</span> 
     </span>
     <span class='ocr_line' id='line_1_8' title="bbox 403 986 1809 1052; baseline 0.001 -20"><span class='ocrx_word' id='word_1_44' title='bbox 403 995 544 1050; x_wconf 87' lang='lat' dir='ltr'>atque</span> <span class='ocrx_word' id='word_1_45' title='bbox 570 986 633 1033; x_wconf 81' lang='lat' dir='ltr'>illi</span> <span class='ocrx_word' id='word_1_46' title='bbox 656 988 735 1050; x_wconf 90' lang='lat' dir='ltr'>qui</span> <span class='ocrx_word' id='word_1_47' title='bbox 758 988 936 1052; x_wconf 84' lang='lat' dir='ltr'>primus</span> <span class='ocrx_word' id='word_1_48' title='bbox 958 988 1126 1034; x_wconf 77' lang='lat' dir='ltr'>carinae</span> <span class='ocrx_word' id='word_1_49' title='bbox 1147 996 1260 1047; x_wconf 80' lang='lat' dir='ltr'>erat,</span> <span class='ocrx_word' id='word_1_50' title='bbox 1287 987 1606 1051; x_wconf 87' lang='lat' dir='ltr'>importunior</span> <span class='ocrx_word' id='word_1_51' title='bbox 1627 987 1809 1034; x_wconf 85' lang='lat' dir='ltr'>assiste-</span> 
     </span>
     <span class='ocr_line' id='line_1_9' title="bbox 402 1061 1809 1127; baseline 0.001 -19"><span class='ocrx_word' id='word_1_52' title='bbox 402 1061 500 1122; x_wconf 87' lang='lat' dir='ltr'>bat,</span> <span class='ocrx_word' id='word_1_53' title='bbox 523 1062 684 1110; x_wconf 90' lang='lat' dir='ltr'>dicens</span> <span class='ocrx_word' id='word_1_54' title='bbox 708 1082 718 1109; x_wconf 93' lang='lat'><strong>:</strong></span> <span class='ocrx_word' id='word_1_55' title='bbox 750 1085 771 1107; x_wconf 91' lang='lat'>«</span> <span class='ocrx_word' id='word_1_56' title='bbox 793 1067 863 1111; x_wconf 91' lang='lat' dir='ltr'>Da</span> <span class='ocrx_word' id='word_1_57' title='bbox 888 1065 1004 1110; x_wconf 90' lang='lat' dir='ltr'>mihi</span> <span class='ocrx_word' id='word_1_58' title='bbox 1027 1063 1220 1127; x_wconf 85' lang='lat' dir='ltr'>aliquid.</span> <span class='ocrx_word' id='word_1_59' title='bbox 1241 1083 1262 1107; x_wconf 91' lang='lat'>»</span> <span class='ocrx_word' id='word_1_60' title='bbox 1289 1066 1418 1110; x_wconf 87' lang='lat' dir='ltr'>Tunc</span> <span class='ocrx_word' id='word_1_61' title='bbox 1444 1063 1520 1110; x_wconf 86' lang='lat' dir='ltr'>ille</span> <span class='ocrx_word' id='word_1_62' title='bbox 1540 1073 1809 1110; x_wconf 89' lang='lat' dir='ltr'>commotus</span> 
     </span>
     <span class='ocr_line' id='line_1_10' title="bbox 402 1138 1809 1205; baseline -0.001 -18"><span class='ocrx_word' id='word_1_63' title='bbox 402 1141 466 1187; x_wconf 90' lang='lat' dir='ltr'>ait</span> <span class='ocrx_word' id='word_1_64' title='bbox 501 1159 512 1186; x_wconf 73' lang='grc' dir='ltr'><strong><em>ε</em></strong></span> <span class='ocrx_word' id='word_1_65' title='bbox 552 1161 574 1184; x_wconf 72' lang='grc' dir='ltr'>ε(</span> <span class='ocrx_word' id='word_1_66' title='bbox 601 1142 812 1198; x_wconf 88' lang='lat' dir='ltr'>Absiste‚</span> <span class='ocrx_word' id='word_1_67' title='bbox 857 1158 1046 1205; x_wconf 87' lang='lat' dir='ltr'>quaeso,</span> <span class='ocrx_word' id='word_1_68' title='bbox 1087 1141 1348 1204; x_wconf 77' lang='lat' dir='ltr'>decrepite,</span> <span class='ocrx_word' id='word_1_69' title='bbox 1391 1150 1437 1186; x_wconf 92' lang='lat' dir='ltr'>et</span> <span class='ocrx_word' id='word_1_70' title='bbox 1477 1139 1574 1186; x_wconf 86' lang='lat' dir='ltr'>noli</span> <span class='ocrx_word' id='word_1_71' title='bbox 1607 1155 1634 1186; x_wconf 91' lang='lat' dir='ltr'>a</span> <span class='ocrx_word' id='word_1_72' title='bbox 1669 1138 1809 1186; x_wconf 87' lang='lat' dir='ltr'>nobis</span> 
     </span>
     <span class='ocr_line' id='line_1_11' title="bbox 403 1216 1807 1282; baseline -0.001 -18"><span class='ocrx_word' id='word_1_73' title='bbox 403 1234 611 1280; x_wconf 77' lang='lat' dir='ltr'>quaerere</span> <span class='ocrx_word' id='word_1_74' title='bbox 642 1218 918 1282; x_wconf 87' lang='lat' dir='ltr'>quidquam.</span> <span class='ocrx_word' id='word_1_75' title='bbox 946 1218 1067 1264; x_wconf 89' lang='lat' dir='ltr'>Nihil</span> <span class='ocrx_word' id='word_1_76' title='bbox 1092 1218 1214 1264; x_wconf 87' lang='lat' dir='ltr'>enim</span> <span class='ocrx_word' id='word_1_77' title='bbox 1240 1216 1316 1263; x_wconf 90' lang='lat' dir='ltr'>hic</span> <span class='ocrx_word' id='word_1_78' title='bbox 1339 1216 1470 1262; x_wconf 91' lang='lat' dir='ltr'>aliud</span> <span class='ocrx_word' id='word_1_79' title='bbox 1500 1227 1666 1279; x_wconf 85' lang='lat' dir='ltr'>praeter</span> <span class='ocrx_word' id='word_1_80' title='bbox 1693 1217 1807 1280; x_wconf 89' lang='lat' dir='ltr'>lapi-</span> 
     </span>
     <span class='ocr_line' id='line_1_12' title="bbox 402 1292 1809 1356; baseline -0.001 -17"><span class='ocrx_word' id='word_1_81' title='bbox 402 1292 486 1340; x_wconf 90' lang='lat' dir='ltr'>des</span> <span class='ocrx_word' id='word_1_82' title='bbox 518 1292 747 1340; x_wconf 91' lang='lat' dir='ltr'>habemus</span> <span class='ocrx_word' id='word_1_83' title='bbox 765 1314 807 1339; x_wconf 84' lang='lat'>».</span> <span class='ocrx_word' id='word_1_84' title='bbox 834 1298 888 1340; x_wconf 90' lang='lat' dir='ltr'>At</span> <span class='ocrx_word' id='word_1_85' title='bbox 908 1293 983 1340; x_wconf 86' lang='lat' dir='ltr'>ille</span> <span class='ocrx_word' id='word_1_86' title='bbox 1006 1294 1070 1340; x_wconf 90' lang='lat' dir='ltr'>ait</span> <span class='ocrx_word' id='word_1_87' title='bbox 1093 1311 1102 1339; x_wconf 78' lang='lat' dir='ltr'><em>z</em></span> <span class='ocrx_word' id='word_1_88' title='bbox 1133 1293 1219 1339; x_wconf 86' lang='lat' dir='ltr'>«Si</span> <span class='ocrx_word' id='word_1_89' title='bbox 1242 1292 1424 1356; x_wconf 89' lang='lat' dir='ltr'>lapides</span> <span class='ocrx_word' id='word_1_90' title='bbox 1446 1292 1561 1338; x_wconf 90' lang='lat' dir='ltr'>dicis</span> <span class='ocrx_word' id='word_1_91' title='bbox 1583 1308 1683 1339; x_wconf 89' lang='lat' dir='ltr'>esse</span> <span class='ocrx_word' id='word_1_92' title='bbox 1705 1309 1809 1355; x_wconf 89' lang='lat' dir='ltr'>quae</span> 
     </span>
     <span class='ocr_line' id='line_1_13' title="bbox 403 1369 1810 1427; baseline -0.001 -11"><span class='ocrx_word' id='word_1_93' title='bbox 403 1370 451 1416; x_wconf 88' lang='lat' dir='ltr'>in</span> <span class='ocrx_word' id='word_1_94' title='bbox 474 1370 564 1415; x_wconf 91' lang='lat' dir='ltr'>tuis</span> <span class='ocrx_word' id='word_1_95' title='bbox 583 1370 840 1416; x_wconf 85' lang='lat' dir='ltr'>ditionibus</span> <span class='ocrx_word' id='word_1_96' title='bbox 860 1371 990 1416; x_wconf 89' lang='lat' dir='ltr'>navis</span> <span class='ocrx_word' id='word_1_97' title='bbox 1013 1370 1110 1416; x_wconf 85' lang='lat' dir='ltr'>haec</span> <span class='ocrx_word' id='word_1_98' title='bbox 1128 1370 1357 1427; x_wconf 83' lang='lat' dir='ltr'>continet,</span> <span class='ocrx_word' id='word_1_99' title='bbox 1383 1369 1545 1415; x_wconf 93' lang='lat' dir='ltr'>omnia</span> <span class='ocrx_word' id='word_1_100' title='bbox 1567 1378 1810 1416; x_wconf 85' lang='lat' dir='ltr'>vertantur</span> 
     </span>
     <span class='ocr_line' id='line_1_14' title="bbox 403 1446 1809 1512; baseline -0.001 -19"><span class='ocrx_word' id='word_1_101' title='bbox 403 1450 449 1493; x_wconf 92' lang='lat' dir='ltr'>in</span> <span class='ocrx_word' id='word_1_102' title='bbox 490 1447 729 1512; x_wconf 86' lang='lat' dir='ltr'>lapides.»</span> <span class='ocrx_word' id='word_1_103' title='bbox 770 1451 825 1495; x_wconf 83' lang='lat' dir='ltr'>Et</span> <span class='ocrx_word' id='word_1_104' title='bbox 862 1449 1015 1494; x_wconf 83' lang='lat' dir='ltr'>statim</span> <span class='ocrx_word' id='word_1_105' title='bbox 1052 1457 1277 1494; x_wconf 91' lang='lat' dir='ltr'>cunctum</span> <span class='ocrx_word' id='word_1_106' title='bbox 1318 1448 1450 1493; x_wconf 90' lang='lat' dir='ltr'>navis</span> <span class='ocrx_word' id='word_1_107' title='bbox 1489 1462 1634 1506; x_wconf 90' lang='lat' dir='ltr'>onus,</span> <span class='ocrx_word' id='word_1_108' title='bbox 1678 1446 1809 1510; x_wconf 88' lang='lat' dir='ltr'>quod</span> 
     </span>
     <span class='ocr_line' id='line_1_15' title="bbox 404 1522 1809 1589; baseline -0.001 -19"><span class='ocrx_word' id='word_1_109' title='bbox 404 1524 566 1571; x_wconf 89' lang='lat' dir='ltr'>mandi</span> <span class='ocrx_word' id='word_1_110' title='bbox 588 1526 760 1589; x_wconf 89' lang='lat' dir='ltr'>potuit,</span> <span class='ocrx_word' id='word_1_111' title='bbox 786 1525 833 1571; x_wconf 92' lang='lat' dir='ltr'>in</span> <span class='ocrx_word' id='word_1_112' title='bbox 857 1541 1021 1571; x_wconf 86' lang='lat' dir='ltr'>saxum</span> <span class='ocrx_word' id='word_1_113' title='bbox 1057 1540 1338 1571; x_wconf 90' lang='lat' dir='ltr'>conversum</span> <span class='ocrx_word' id='word_1_114' title='bbox 1370 1532 1456 1568; x_wconf 89' lang='lat' dir='ltr'>est.</span> <span class='ocrx_word' id='word_1_115' title='bbox 1487 1525 1583 1584; x_wconf 84' lang='lat' dir='ltr'>Ego</span> <span class='ocrx_word' id='word_1_116' title='bbox 1602 1522 1729 1569; x_wconf 92' lang='lat' dir='ltr'>enim</span> <span class='ocrx_word' id='word_1_117' title='bbox 1754 1539 1809 1569; x_wconf 86' lang='lat' dir='ltr'>ex</span> 
     </span>
     <span class='ocr_line' id='line_1_16' title="bbox 403 1598 1811 1665; baseline -0.003 -17"><span class='ocrx_word' id='word_1_118' title='bbox 403 1600 477 1647; x_wconf 91' lang='lat' dir='ltr'>his</span> <span class='ocrx_word' id='word_1_119' title='bbox 499 1610 546 1648; x_wconf 89' lang='lat' dir='ltr'>et</span> <span class='ocrx_word' id='word_1_120' title='bbox 572 1602 782 1665; x_wconf 88' lang='lat' dir='ltr'>dactylos</span> <span class='ocrx_word' id='word_1_121' title='bbox 803 1602 924 1659; x_wconf 87' lang='lat' dir='ltr'>vidi,</span> <span class='ocrx_word' id='word_1_122' title='bbox 957 1612 1002 1648; x_wconf 90' lang='lat' dir='ltr'>et</span> <span class='ocrx_word' id='word_1_123' title='bbox 1030 1602 1177 1647; x_wconf 82' lang='lat' dir='ltr'>olivas</span> <span class='ocrx_word' id='word_1_124' title='bbox 1209 1599 1367 1664; x_wconf 85' lang='lat' dir='ltr'>aspexi</span> <span class='ocrx_word' id='word_1_125' title='bbox 1390 1615 1626 1645; x_wconf 82' lang='lat' dir='ltr'>marmore</span> <span class='ocrx_word' id='word_1_126' title='bbox 1647 1598 1811 1644; x_wconf 84' lang='lat' dir='ltr'>durio-</span> 
     </span>
     <span class='ocr_line' id='line_1_17' title="bbox 404 1675 1807 1743; baseline -0.002 -19"><span class='ocrx_word' id='word_1_127' title='bbox 404 1694 493 1725; x_wconf 88' lang='lat' dir='ltr'>res.</span> <span class='ocrx_word' id='word_1_128' title='bbox 523 1681 640 1725; x_wconf 89' lang='lat' dir='ltr'>Nam</span> <span class='ocrx_word' id='word_1_129' title='bbox 677 1695 788 1725; x_wconf 91' lang='lat' dir='ltr'>cum</span> <span class='ocrx_word' id='word_1_130' title='bbox 812 1679 859 1724; x_wconf 91' lang='lat' dir='ltr'>in</span> <span class='ocrx_word' id='word_1_131' title='bbox 884 1678 1051 1743; x_wconf 90' lang='lat' dir='ltr'>lapidis</span> <span class='ocrx_word' id='word_1_132' title='bbox 1073 1678 1296 1724; x_wconf 90' lang='lat' dir='ltr'>duritiam</span> <span class='ocrx_word' id='word_1_133' title='bbox 1329 1692 1556 1723; x_wconf 89' lang='lat' dir='ltr'>conversa</span> <span class='ocrx_word' id='word_1_134' title='bbox 1592 1675 1807 1729; x_wconf 86' lang='lat' dir='ltr'>fuissent,</span> 
     </span>
     <span class='ocr_line' id='line_1_18' title="bbox 405 1752 1812 1819; baseline -0.003 -17"><span class='ocrx_word' id='word_1_135' title='bbox 405 1772 650 1819; x_wconf 89' lang='lat' dir='ltr'>nunquam</span> <span class='ocrx_word' id='word_1_136' title='bbox 685 1766 843 1804; x_wconf 88' lang='lat' dir='ltr'>tamen</span> <span class='ocrx_word' id='word_1_137' title='bbox 876 1757 1087 1803; x_wconf 83' lang='lat' dir='ltr'>colorem</span> <span class='ocrx_word' id='word_1_138' title='bbox 1125 1772 1266 1819; x_wconf 89' lang='lat' dir='ltr'>quem</span> <span class='ocrx_word' id='word_1_139' title='bbox 1299 1754 1562 1801; x_wconf 85' lang='lat' dir='ltr'>habuerant</span> <span class='ocrx_word' id='word_1_140' title='bbox 1593 1752 1812 1817; x_wconf 85' lang='lat' dir='ltr'>perdide-</span> 
     </span>
     <span class='ocr_line' id='line_1_19' title="bbox 404 1831 1810 1896; baseline -0.002 -17"><span class='ocrx_word' id='word_1_141' title='bbox 404 1843 515 1879; x_wconf 87' lang='lat' dir='ltr'>runt</span> <span class='ocrx_word' id='word_1_142' title='bbox 541 1853 550 1879; x_wconf 91' lang='lat'>:</span> <span class='ocrx_word' id='word_1_143' title='bbox 579 1833 666 1880; x_wconf 84' lang='lat' dir='ltr'>illis</span> <span class='ocrx_word' id='word_1_144' title='bbox 693 1834 859 1881; x_wconf 88' lang='lat' dir='ltr'>eadem</span> <span class='ocrx_word' id='word_1_145' title='bbox 887 1834 1036 1879; x_wconf 84' lang='lat' dir='ltr'>forma</span> <span class='ocrx_word' id='word_1_146' title='bbox 1068 1833 1329 1894; x_wconf 88' lang='lat' dir='ltr'>eademque</span> <span class='ocrx_word' id='word_1_147' title='bbox 1361 1832 1538 1896; x_wconf 88' lang='lat' dir='ltr'>species</span> <span class='ocrx_word' id='word_1_148' title='bbox 1563 1839 1678 1876; x_wconf 85' lang='lat' dir='ltr'>erat.</span> <span class='ocrx_word' id='word_1_149' title='bbox 1713 1831 1810 1876; x_wconf 89' lang='lat' dir='ltr'>Do·</span> 
     </span>
     <span class='ocr_line' id='line_1_20' title="bbox 405 1907 1810 1975; baseline -0.003 -19"><span class='ocrx_word' id='word_1_150' title='bbox 405 1911 561 1957; x_wconf 90' lang='lat' dir='ltr'>minus</span> <span class='ocrx_word' id='word_1_151' title='bbox 589 1921 746 1958; x_wconf 87' lang='lat' dir='ltr'>autem</span> <span class='ocrx_word' id='word_1_152' title='bbox 776 1911 908 1958; x_wconf 90' lang='lat' dir='ltr'>navis</span> <span class='ocrx_word' id='word_1_153' title='bbox 931 1910 1204 1975; x_wconf 86' lang='lat' dir='ltr'>poenitentia</span> <span class='ocrx_word' id='word_1_154' title='bbox 1232 1919 1413 1965; x_wconf 87' lang='lat' dir='ltr'>motus,</span> <span class='ocrx_word' id='word_1_155' title='bbox 1440 1907 1712 1970; x_wconf 89' lang='lat' dir='ltr'>inquisitum</span> <span class='ocrx_word' id='word_1_156' title='bbox 1738 1922 1810 1953; x_wconf 86' lang='lat' dir='ltr'>se-</span> 
     </span>
     <span class='ocr_line' id='line_1_21' title="bbox 404 1984 1811 2052; baseline -0.004 -18"><span class='ocrx_word' id='word_1_157' title='bbox 404 2004 514 2034; x_wconf 90' lang='lat' dir='ltr'>nem</span> <span class='ocrx_word' id='word_1_158' title='bbox 548 2004 780 2051; x_wconf 88' lang='lat' dir='ltr'>nusquam</span> <span class='ocrx_word' id='word_1_159' title='bbox 810 1989 966 2052; x_wconf 89' lang='lat' dir='ltr'>potuit</span> <span class='ocrx_word' id='word_1_160' title='bbox 995 1989 1198 2051; x_wconf 81' lang='lat' dir='ltr'>reperire</span> <span class='ocrx_word' id='word_1_161' title='bbox 1225 2004 1234 2031; x_wconf 93' lang='lat'>:</span> <span class='ocrx_word' id='word_1_162' title='bbox 1271 1995 1341 2045; x_wconf 81' lang='lat' dir='ltr'>et,</span> <span class='ocrx_word' id='word_1_163' title='bbox 1372 1985 1489 2031; x_wconf 91' lang='lat' dir='ltr'>sicut</span> <span class='ocrx_word' id='word_1_164' title='bbox 1517 1984 1691 2041; x_wconf 85' lang='lat' dir='ltr'>ferunt,</span> <span class='ocrx_word' id='word_1_165' title='bbox 1729 1999 1811 2047; x_wconf 89' lang='lat' dir='ltr'>per</span> 
     </span>
     <span class='ocr_line' id='line_1_22' title="bbox 406 2059 1811 2127; baseline -0.004 -16"><span class='ocrx_word' id='word_1_166' title='bbox 406 2064 574 2111; x_wconf 87' lang='lat' dir='ltr'>multas</span> <span class='ocrx_word' id='word_1_167' title='bbox 601 2065 810 2111; x_wconf 88' lang='lat' dir='ltr'>civitates</span> <span class='ocrx_word' id='word_1_168' title='bbox 843 2064 903 2111; x_wconf 91' lang='lat' dir='ltr'>de</span> <span class='ocrx_word' id='word_1_169' title='bbox 930 2064 985 2110; x_wconf 88' lang='lat' dir='ltr'>iis</span> <span class='ocrx_word' id='word_1_170' title='bbox 1012 2079 1116 2127; x_wconf 84' lang='lat' dir='ltr'>quae</span> <span class='ocrx_word' id='word_1_171' title='bbox 1146 2064 1195 2109; x_wconf 91' lang='lat' dir='ltr'>in</span> <span class='ocrx_word' id='word_1_172' title='bbox 1229 2078 1391 2109; x_wconf 86' lang='lat' dir='ltr'>saxum</span> <span class='ocrx_word' id='word_1_173' title='bbox 1422 2070 1600 2107; x_wconf 87' lang='lat' dir='ltr'>mutata</span> <span class='ocrx_word' id='word_1_174' title='bbox 1628 2059 1811 2106; x_wconf 84' lang='lat' dir='ltr'>fuerant</span> 
     </span>
     <span class='ocr_line' id='line_1_23' title="bbox 404 2137 1810 2202; baseline -0.005 -14"><span class='ocrx_word' id='word_1_175' title='bbox 404 2141 464 2201; x_wconf 86' lang='lat' dir='ltr'>ad</span> <span class='ocrx_word' id='word_1_176' title='bbox 495 2140 750 2187; x_wconf 91' lang='lat' dir='ltr'>videndum</span> <span class='ocrx_word' id='word_1_177' title='bbox 778 2142 967 2201; x_wconf 82' lang='lat' dir='ltr'>direxit,</span> <span class='ocrx_word' id='word_1_178' title='bbox 1001 2151 1050 2187; x_wconf 94' lang='lat' dir='ltr'>ut</span> <span class='ocrx_word' id='word_1_179' title='bbox 1073 2140 1247 2186; x_wconf 88' lang='lat' dir='ltr'>scilicet</span> <span class='ocrx_word' id='word_1_180' title='bbox 1268 2137 1537 2202; x_wconf 83' lang='lat' dir='ltr'>exemplum</span> <span class='ocrx_word' id='word_1_181' title='bbox 1568 2146 1686 2183; x_wconf 89' lang='lat' dir='ltr'>esset</span> <span class='ocrx_word' id='word_1_182' title='bbox 1711 2152 1810 2182; x_wconf 91' lang='lat' dir='ltr'>om-</span> 
     </span>
     <span class='ocr_line' id='line_1_24' title="bbox 406 2214 1810 2283; baseline -0.004 -18"><span class='ocrx_word' id='word_1_183' title='bbox 406 2218 563 2274; x_wconf 90' lang='lat' dir='ltr'>nibus,</span> <span class='ocrx_word' id='word_1_184' title='bbox 591 2235 651 2264; x_wconf 88' lang='lat' dir='ltr'>ne</span> <span class='ocrx_word' id='word_1_185' title='bbox 672 2218 837 2265; x_wconf 89' lang='lat' dir='ltr'>similia</span> <span class='ocrx_word' id='word_1_186' title='bbox 863 2227 1200 2283; x_wconf 86' lang='lat' dir='ltr'>perpetrarent.</span> <span class='ocrx_word' id='word_1_187' title='bbox 1238 2219 1358 2262; x_wconf 92' lang='lat' dir='ltr'>Ecce</span> <span class='ocrx_word' id='word_1_188' title='bbox 1383 2214 1498 2277; x_wconf 89' lang='lat' dir='ltr'>quid</span> <span class='ocrx_word' id='word_1_189' title='bbox 1520 2215 1632 2278; x_wconf 87' lang='lat' dir='ltr'>agis,</span> <span class='ocrx_word' id='word_1_190' title='bbox 1662 2214 1810 2277; x_wconf 89' lang='lat' dir='ltr'>impu-</span> 
     </span>
     <span class='ocr_line' id='line_1_25' title="bbox 404 2290 1810 2357; baseline -0.004 -16"><span class='ocrx_word' id='word_1_191' title='bbox 404 2295 521 2341; x_wconf 91' lang='lat' dir='ltr'>dens</span> <span class='ocrx_word' id='word_1_192' title='bbox 550 2296 742 2342; x_wconf 82' lang='lat' dir='ltr'>avaritia</span> <span class='ocrx_word' id='word_1_193' title='bbox 775 2314 784 2341; x_wconf 91' lang='lat'>:</span> <span class='ocrx_word' id='word_1_194' title='bbox 820 2295 966 2342; x_wconf 88' lang='lat' dir='ltr'>fecisti</span> <span class='ocrx_word' id='word_1_195' title='bbox 1000 2294 1246 2340; x_wconf 90' lang='lat' dir='ltr'>hominem</span> <span class='ocrx_word' id='word_1_196' title='bbox 1277 2307 1559 2357; x_wconf 85' lang='lat' dir='ltr'>pauperem,</span> <span class='ocrx_word' id='word_1_197' title='bbox 1595 2290 1676 2352; x_wconf 92' lang='lat' dir='ltr'>qui</span> <span class='ocrx_word' id='word_1_198' title='bbox 1711 2304 1810 2336; x_wconf 87' lang='lat' dir='ltr'>non</span> 
     </span>
     <span class='ocr_line' id='line_1_26' title="bbox 404 2365 1740 2436; baseline -0.006 -18"><span class='ocrx_word' id='word_1_199' title='bbox 404 2372 689 2436; x_wconf 86' lang='lat' dir='ltr'>porrigendo</span> <span class='ocrx_word' id='word_1_200' title='bbox 719 2372 915 2436; x_wconf 89' lang='lat' dir='ltr'>pauperi</span> <span class='ocrx_word' id='word_1_201' title='bbox 945 2370 1123 2435; x_wconf 89' lang='lat' dir='ltr'>putavit</span> <span class='ocrx_word' id='word_1_202' title='bbox 1148 2386 1198 2416; x_wconf 87' lang='lat' dir='ltr'>se</span> <span class='ocrx_word' id='word_1_203' title='bbox 1220 2385 1358 2434; x_wconf 90' lang='lat' dir='ltr'>posse</span> <span class='ocrx_word' id='word_1_204' title='bbox 1383 2367 1481 2413; x_wconf 83' lang='lat' dir='ltr'>fieri</span> <span class='ocrx_word' id='word_1_205' title='bbox 1505 2365 1740 2412; x_wconf 87' lang='lat' dir='ltr'>ditiorem.</span> 
     </span>
    </p>
   </div>
   <div class='ocr_carea' id='block_1_5' title="bbox 961 2516 1255 2552">
    <p class='ocr_par' dir='ltr' id='par_1_5' title="bbox 961 2516 1255 2552">
     <span class='ocr_line' id='line_1_27' title="bbox 961 2516 1255 2552; baseline -0.007 0"><span class='ocrx_word' id='word_1_206' title='bbox 961 2517 1115 2552; x_wconf 87' lang='lat' dir='ltr'><strong>CAPUT</strong></span> <span class='ocrx_word' id='word_1_207' title='bbox 1139 2516 1255 2551; x_wconf 89' lang='lat' dir='ltr'>CXII.</span> 
     </span>
    </p>
   </div>
   <div class='ocr_carea' id='block_1_6' title="bbox 811 2606 1403 2654">
    <p class='ocr_par' dir='ltr' id='par_1_6' title="bbox 811 2606 1403 2654">
     <span class='ocr_line' id='line_1_28' title="bbox 811 2606 1403 2654; baseline -0.003 -11"><span class='ocrx_word' id='word_1_208' title='bbox 811 2611 863 2644; x_wconf 88' lang='lat' dir='ltr'>De</span> <span class='ocrx_word' id='word_1_209' title='bbox 881 2608 951 2643; x_wconf 86' lang='lat' dir='ltr'>alio</span> <span class='ocrx_word' id='word_1_210' title='bbox 970 2608 1032 2654; x_wconf 86' lang='lat' dir='ltr'>qui</span> <span class='ocrx_word' id='word_1_211' title='bbox 1047 2608 1169 2642; x_wconf 79' lang='lat' dir='ltr'>vinum</span> <span class='ocrx_word' id='word_1_212' title='bbox 1185 2606 1403 2642; x_wconf 86' lang='lat' dir='ltr'>adulteravit.</span> 
     </span>
    </p>
   </div>
   <div class='ocr_carea' id='block_1_7' title="bbox 404 2711 1810 2862">
    <p class='ocr_par' dir='ltr' id='par_1_7' title="bbox 404 2711 1810 2862">
     <span class='ocr_line' id='line_1_29' title="bbox 466 2711 1810 2782; baseline -0.007 -15"><span class='ocrx_word' id='word_1_213' title='bbox 466 2721 592 2778; x_wconf 89' lang='lat' dir='ltr'>Quid</span> <span class='ocrx_word' id='word_1_214' title='bbox 614 2723 754 2767; x_wconf 90' lang='lat' dir='ltr'>etiam</span> <span class='ocrx_word' id='word_1_215' title='bbox 777 2731 823 2768; x_wconf 90' lang='lat' dir='ltr'>et</span> <span class='ocrx_word' id='word_1_216' title='bbox 845 2720 920 2767; x_wconf 91' lang='lat' dir='ltr'>alii</span> <span class='ocrx_word' id='word_1_217' title='bbox 942 2718 1205 2782; x_wconf 87' lang='lat' dir='ltr'>contigerit,</span> <span class='ocrx_word' id='word_1_218' title='bbox 1231 2717 1312 2780; x_wconf 89' lang='lat' dir='ltr'>qui</span> <span class='ocrx_word' id='word_1_219' title='bbox 1335 2732 1418 2780; x_wconf 86' lang='lat' dir='ltr'>per</span> <span class='ocrx_word' id='word_1_220' title='bbox 1440 2713 1669 2761; x_wconf 87' lang='lat' dir='ltr'>adulteria</span> <span class='ocrx_word' id='word_1_221' title='bbox 1689 2711 1810 2758; x_wconf 91' lang='lat' dir='ltr'>mul-</span> 
     </span>
     <span class='ocr_line' id='line_1_30' title="bbox 404 2789 1810 2862; baseline -0.007 -17"><span class='ocrx_word' id='word_1_222' title='bbox 404 2798 614 2862; x_wconf 88' lang='lat' dir='ltr'>tiplicare</span> <span class='ocrx_word' id='word_1_223' title='bbox 646 2807 830 2844; x_wconf 87' lang='lat' dir='ltr'>terrena</span> <span class='ocrx_word' id='word_1_224' title='bbox 862 2796 1040 2843; x_wconf 89' lang='lat' dir='ltr'>studuit</span> <span class='ocrx_word' id='word_1_225' title='bbox 1069 2795 1224 2852; x_wconf 87' lang='lat' dir='ltr'>lucra,</span> <span class='ocrx_word' id='word_1_226' title='bbox 1262 2809 1359 2839; x_wconf 87' lang='lat' dir='ltr'>non</span> <span class='ocrx_word' id='word_1_227' title='bbox 1391 2791 1569 2839; x_wconf 90' lang='lat' dir='ltr'>sileam.</span> <span class='ocrx_word' id='word_1_228' title='bbox 1604 2789 1810 2847; x_wconf 89' lang='lat' dir='ltr'>Quidam</span> 
     </span>
    </p>
   </div>
  </div>
 </body>
</html>
