2054 3450
354 355 432 392 202
713 349 724 357 “
873 352 1000 388 vlTAE
1025 351 1242 389 PATRUM.

348 439 511 504 judice
544 455 643 486 non
678 438 890 486 fuscaret.
929 440 986 485 At
1021 437 1100 485 ille
1125 437 1331 501 benigne
1363 454 1474 485 eum
1512 438 1752 503 colligenS,

354 526 525 564 cuncta
543 533 646 579 quae
669 515 853 562 locutus
878 515 1029 562 fuerat
1046 514 1308 561 clementer
1325 513 1536 574 indulsit,
1551 531 1663 562 eum
1681 532 1757 563 ar-

355 610 502 658 guens
523 609 583 639 ne
602 592 702 639 haec
723 591 844 638 ultra
866 601 1031 638 contra
1055 589 1321 637 sacerdotes
1348 590 1541 637 Domini
1563 591 1759 640 auderet

355 680 595 736 appetere,
617 669 728 733 quia
743 669 844 734 ipse
861 668 1184 733 episcopatum
1204 683 1451 730 nunquam
1468 683 1759 731 promerere-

355 757 434 795 tur
455 747 684 811 accipere.
706 746 849 804 Quod
874 754 1035 810 postea
1054 743 1273 809 probavit
1290 752 1500 790 eventus.
1519 746 1638 791 Nam
1649 760 1759 792 cum

356 826 403 871 in
440 823 718 871 Gabalitano
749 822 811 870 ad
842 823 1171 888 episcopatum
1199 822 1299 885 jam
1330 820 1544 879 electus¹‚
1578 821 1678 885 jam
1709 821 1759 868 in

356 901 579 948 cathedra
602 899 797 965 positus,
822 900 921 963 jam
937 908 1108 945 cuncta
1126 907 1289 962 parata
1310 907 1463 944 essent
1482 906 1535 944 ut
1557 896 1762 944 benedi-

357 987 541 1025 ceretur
563 977 828 1041 episcopus,
855 976 919 1022 ita
937 975 1095 1022 subito
1115 983 1282 1022 contra
1304 990 1414 1021 eum
1432 973 1588 1020 omnis
1608 990 1762 1038 popu·

356 1055 429 1102 lus
440 1053 751 1112 consurrexit,
774 1062 828 1099 ut
847 1053 923 1099 vix
939 1053 1072 1099 vivus
1091 1061 1250 1117 posset
1262 1051 1486 1110 evadere3
1506 1051 1588 1114 qui
1599 1059 1763 1115 postea

358 1130 601 1195 presbyter
623 1130 819 1177 transiit.

422 1209 469 1255 5.
508 1207 643 1272 Apud
664 1206 1046 1254 Aurelianensem
1068 1215 1227 1252 autem
1252 1204 1438 1263 urbem,
1461 1204 1761 1250 incriminato

357 1283 418 1331 ab
441 1284 616 1348 iniquis
646 1283 870 1348 episcopo
899 1285 1056 1330 Marco
1087 1292 1133 1329 et
1162 1282 1209 1328 in
1243 1281 1457 1328 exsilium
1483 1290 1632 1339 truso,
1661 1296 1763 1327 ma-

357 1374 477 1421 gnus
499 1358 834 1423 episcoporum
854 1366 1116 1404 conventus
1143 1366 1214 1403 est
1244 1364 1532 1419 aggregatus,
1570 1353 1763 1402 Childe-

357 1434 493 1480 berto
516 1450 624 1496 rege
635 1426 850 1497 jubente,
873 1434 921 1479 in
938 1449 1034 1497 qua
1048 1431 1233 1496 synodo
1247 1434 1262 1456 ²
1279 1440 1618 1494 cognoscentes
1634 1430 1762 1478 beati

358 1510 568 1575 episcopi
609 1511 703 1557 hoc
734 1526 834 1557 esse
865 1526 1069 1557 vacuum
1099 1508 1231 1572 quod
1266 1517 1433 1555 contra
1469 1524 1581 1555 eum
1614 1507 1764 1555 fuerat

359 1588 673 1644 mussitatum,
701 1603 811 1634 eum
833 1586 1007 1633 civitati
1030 1595 1077 1632 et
1104 1585 1340 1634 cathedrae
1370 1601 1464 1632 suae
1494 1584 1760 1632 restituunt.

358 1666 573 1730 Denique
602 1674 718 1712 tunc
749 1665 796 1711 in
830 1664 1020 1711 servitio
1055 1663 1203 1710 sancti
1238 1662 1360 1709 Galli
1386 1661 1768 1709 Valentinianus⁸

358 1741 611 1802 diaconus,
643 1742 726 1805 qui
761 1757 889 1788 nunc
915 1739 1157 1805 presbyter
1179 1738 1382 1787 habetur
1407 1748 1548 1802 atque
1569 1738 1763 1798 vocaIiS,

358 1817 503 1879 abiit;
528 1834 733 1881 cumque
756 1817 980 1882 episcopo
1004 1816 1098 1863 alio
1122 1816 1285 1863 missas
1307 1815 1511 1875 dicente,
1539 1815 1766 1862 diaconus

360 1894 436 1942 ille
467 1905 663 1960 propter
690 1895 967 1958 jactantiam
996 1894 1154 1959 potius
1184 1909 1327 1957 quam
1359 1909 1447 1958 pro
1480 1892 1566 1940 Dei
1597 1892 1766 1938 timore

359 1975 549 2018 cantare
572 1970 729 2024 vellet,
764 1986 794 2017 a
824 1980 989 2017 sancto
1020 1970 1156 2017 Gallo
1185 1969 1545 2034 prohibebatur,
1578 1968 1766 2016 dicente

359 2047 448 2093 sibi
473 2065 484 2093 ε
515 2066 539 2089 c<
559 2047 684 2104 Sine,
710 2047 880 2110 inquit,
903 2045 987 2107 fili,
1012 2045 1206 2110 quando
1229 2046 1439 2093 Domino
1459 2045 1656 2109 jubente
1677 2061 1767 2092 nos

359 2122 753 2171 celebraverimus
789 2123 1035 2184 solemnia,
1073 2132 1188 2170 tunc
1222 2133 1268 2169 et
1302 2109 1354 2170 tu
1395 2138 1564 2170 canere
1601 2121 1762 2170 debes.

363 2203 496 2247 Nunc
519 2199 619 2263 ejus
640 2199 796 2246 clerici
820 2200 1074 2246 concinant
1091 2200 1174 2262 qui
1193 2209 1440 2247 consecrat
1455 2199 1636 2246 missas.
1662 2216 1686 2243 ι»
1710 2203 1767 2244 At

361 2274 438 2322 ille
464 2285 511 2321 et
541 2283 655 2322 tunc
676 2292 727 2322 se
750 2291 887 2340 posse
912 2276 1203 2339 pronuntiat.
1233 2276 1321 2323 Cui
1342 2275 1562 2323 sacerdos
1588 2292 1599 2321 ε
1630 2294 1653 2318 α
1676 2277 1766 2331 Fac

416 2473 474 2526 (1)
502 2476 593 2512 Post
619 2481 780 2512 mortem
802 2473 921 2512 sancti
946 2473 1100 2521 Hilarii,
1122 2473 1185 2512 cui
1210 2473 1433 2512 substitutus
1458 2481 1515 2512 est
1538 2471 1765 2519 Evanthius‚

361 2534 428 2582 qui
443 2545 550 2572 conc.
569 2532 703 2571 Aurei.
724 2546 763 2570 ιν
781 2531 1016 2584 subscripsit.
1036 2532 1122 2585 (R.)

418 2591 477 2644 (2)
503 2595 558 2630 Ea
592 2601 650 2630 est
686 2592 854 2643 synodus
881 2591 1163 2630 Aurelianensis
1193 2591 1327 2643 quinta
1363 2603 1449 2642 quae
1475 2593 1516 2629 in
1543 2589 1765 2642 praefatione

359 2642 517 2699 jubente
540 2650 783 2689 childeberto
803 2659 934 2690 coacta
958 2650 1109 2691 dicitur.
1133 2652 1283 2689 Marcus
1301 2659 1428 2689 autem
1445 2649 1710 2688 Aurelianensi
1726 2662 1767 2686 ιν

362 2711 586 2748 interfuerat
602 2722 665 2747 an.
690 2712 782 2749 547.
804 2709 889 2762 (R.)

418 2766 476 2819 (3)
504 2767 566 2806 Sic
579 2767 687 2806 Colb.
707 2767 783 2806 Alii
800 2781 888 2807 cum
910 2768 993 2816 ed.,
1007 2770 1265 2806 Valentianus.
1282 2768 1333 2807 At
1350 2768 1448 2806 infra
1471 2780 1604 2806 omnes
1625 2766 1770 2806 habent

368 2829 667 2866 Valentinianus.
688 2825 775 2877 (R.)
