2054 3450
363 318 440 356 234
686 336 696 345 ι
877 319 1002 356 VITIE
1030 319 1246 357 PATRUM.

363 413 482 450 tero.
511 406 620 460 Quo
643 403 932 467 indulgente,
959 415 1101 468 atque
1124 405 1332 467 eulogias
1349 406 1633 470 porrigente,
1662 408 1726 454 ait
1750 424 1761 455 t

364 501 385 522 «
415 482 547 542 Rogo
566 517 577 539 ,
620 479 907 527 dilectissimi
949 480 1139 542 fratres,
1177 491 1230 528 ut
1263 481 1410 529 verba
1442 483 1622 530 inutilia
1660 500 1766 547 quae

362 556 528 619 ignave
559 557 880 614 mussitantur,
907 563 1054 604 'aures
1085 574 1213 605 meas
1243 575 1342 604 non
1368 558 1630 621 verberent,
1656 562 1767 623 quia

362 648 455 678 non
486 641 551 678 est
580 630 777 695 dignum
810 643 860 679 ut
890 633 1109 680 homines
1140 633 1440 680 rationabiles
1471 629 1766 684 irrationabi-

363 708 476 754 lium
501 708 751 756 hominum
773 711 992 774 procacia
1010 709 1155 756 verba
1173 710 1442 774 suscipiant.
1463 712 1565 756 Hoc
1586 719 1765 758 tantum

363 801 448 831 vos
470 785 658 832 studere
681 795 885 850 oportet,
905 796 958 832 ut
980 786 1043 833 illi
1068 787 1149 849 qui
1170 796 1337 833 contra
1358 786 1574 834 Ecclesiae
1599 787 1766 835 utilita-

361 872 454 909 tem
479 863 692 926 quaedam
715 864 986 910 machinare
1010 864 1225 928 cupiunt,
1252 865 1418 910 vestris
1437 865 1769 929 propositioni-

361 938 450 985 bus
465 939 845 999 consundantur3
872 940 1211 987 irrationabilia
1229 941 1356 987 enim
1378 957 1474 987 non
1496 940 1651 987 solum
1669 931 1772 988 non*

360 1014 601 1073 admirari,
630 1015 710 1062 sed
739 1032 827 1062 nec
847 1016 1010 1063 audire
1029 1017 1263 1064 desidero.
1283 1037 1304 1060 »
1332 1004 1376 1063 O‘
1399 1017 1590 1064 beatum
1614 1018 1768 1065 virum

360 1092 440 1154 qui
468 1093 598 1138 omni
631 1092 891 1139 intentione
918 1093 1065 1140 vitare
1093 1092 1313 1158 cupiebat
1345 1091 1643 1140 scandalum!
1675 1096 1769 1142 Au-

362 1166 494 1212 diant
518 1176 676 1213 autem
698 1167 797 1213 haec
821 1166 904 1227 illi,
931 1169 1011 1231 qui
1037 1167 1073 1214 si
1101 1167 1267 1214 offensi
1300 1168 1488 1227 fuerint,
1526 1169 1768 1231 ignoscere

361 1243 548 1310 nolunt,
576 1243 658 1290 sed
680 1252 827 1290 totam
851 1245 898 1290 in
925 1261 1009 1291 sua
1034 1244 1214 1291 ultione
1239 1254 1554 1292 convocantes
1576 1245 1762 1307 urbem,

361 1320 502 1367 etiam
530 1329 665 1366 testes
698 1320 923 1367 adhibere
957 1338 1053 1367 non
1090 1331 1324 1381 metuunt,
1358 1322 1439 1385 qui
1465 1322 1660 1368 vocibus
1684 1339 1764 1369 ne-

349 1396 486 1443 fariis
525 1396 683 1443 dicant
716 1416 725 1442 ι
753 1417 788 1440 -«
809 1400 915 1445 Haec
950 1407 996 1445 et
1027 1398 1127 1445 haec
1159 1398 1425 1445 audivimus
1463 1398 1522 1445 de
1559 1408 1604 1445 te
1637 1398 1767 1446 hunc

363 1472 656 1536 loquentem.
692 1492 714 1514 n
762 1477 817 1520 Et
855 1475 918 1520 ita
956 1473 1005 1520 fit
1046 1484 1096 1520 ut
1130 1490 1358 1538 pauperes
1393 1474 1564 1520 Christi
1597 1474 1767 1523 talibus

360 1550 738 1597 accusationibus
770 1551 1089 1598 misericordia
1126 1551 1386 1615 postposita
1415 1551 1763 1615 opprimantur.

427 1629 471 1674 [ι.
502 1627 724 1684 Quodam
753 1637 911 1674 autem
935 1643 1074 1674 mane
1098 1644 1206 1674 cum
1230 1628 1501 1674 surrexisset
1527 1627 1586 1674 ad
1611 1637 1765 1675 matu-

361 1704 478 1750 tinas
501 1713 689 1750 sanctus
714 1704 942 1759 NicetiuS,
965 1704 1239 1767 exspectatis
1267 1702 1453 1751 duabus
1476 1703 1762 1768 antiphonis,

359 1780 594 1842 ingressus
609 1788 678 1826 est
695 1779 740 1825 in
759 1780 1031 1838 sacrarium,
1047 1780 1128 1826 ubi
1145 1779 1261 1825 dum
1281 1779 1523 1839 resideret,
1539 1778 1767 1826 diaconus

360 1856 710 1919 responsorium
736 1855 968 1920 psalmum
990 1872 1160 1903 canere
1178 1856 1336 1920 coepit.
1370 1858 1423 1902 Et
1450 1855 1527 1902 ille
1551 1871 1766 1902 commo-

360 1939 450 1986 ως,
476 1931 536 1977 ait
566 1949 576 1976 :
610 1932 805 1989 «Sileat,
832 1932 981 1990 sileat,
1007 1949 1094 1979 nec
1118 1941 1370 1996 praesumat
1391 1948 1560 1979 canere
1577 1933 1765 1995 justitiae

359 2006 624 2053 inimicus.»
646 2010 704 2054 Et
725 2008 851 2059 dicto
874 2008 1009 2054 citius
1031 2008 1242 2072 oppilato
1264 2024 1346 2054 ore
1368 2008 1510 2054 siluit.
1531 2009 1765 2072 Jussitque

357 2098 466 2128 eum
493 2084 650 2129 vocari
672 2083 732 2130 ad
755 2100 804 2130 se
826 2094 1031 2142 sanctus,
1050 2093 1095 2131 et
1118 2085 1203 2131 ait:
1227 2102 1251 2128 «
1265 2087 1431 2131 Nonne
1452 2101 1764 2149 praeceperam

359 2136 522 2205 tiane
541 2159 848 2222 ingredereris
868 2160 1112 2207 ecclesiam
1132 2160 1251 2207 Dei?
1274 2170 1319 2207 et
1337 2177 1422 2207 cur
1434 2176 1549 2208 ausu
1570 2171 1766 2208 temera-

360 2236 429 2280 rio
461 2235 639 2299 ingredi
666 2237 1030 2301 praesumpsisti?
1063 2247 1143 2284 aut
1178 2253 1263 2283 cur
1290 2253 1458 2284 vocem
1491 2239 1539 2283 in
1571 2239 1765 2285 canticis

358 2313 608 2359 dominicis
626 2329 675 2359 es
691 2329 829 2360 ausus
852 2313 1095 2360 emittere?
1112 2334 1135 2357 >›
1150 2313 1459 2378 Stupentibus
1482 2323 1638 2361 autem
1657 2331 1766 2362 om-

359 2389 497 2435 nibus
518 2389 601 2453 qui
621 2389 833 2446 aderant,
856 2400 901 2437 et
924 2390 1039 2436 nihil
1069 2391 1180 2438 mali
1202 2390 1262 2437 de
1284 2391 1487 2437 diacono
1514 2401 1761 2451 noverant,

356 2466 630 2513 exclamavit
650 2465 939 2518 daemonium
971 2469 1017 2513 in
1047 2483 1123 2528 eo,
1155 2477 1202 2515 et
1229 2484 1278 2515 se
1306 2467 1516 2530 torqueri
1548 2483 1574 2514 a
1601 2477 1762 2515 sancto

358 2542 596 2588 immensis
617 2543 902 2590 cruciatibus
929 2544 1195 2591 confitetur,
1229 2546 1334 2608 lpse
1361 2544 1487 2590 enim
1509 2559 1763 2608 praesump-

357 2629 479 2665 serat
501 2620 547 2664 in
573 2619 767 2666 ecclesia
783 2636 969 2676 canere,
993 2620 1127 2683 cujus
1148 2636 1312 2666 vocem
1333 2619 1657 2682 ignorantibus
1678 2637 1763 2684 po-

357 2694 481 2758 pulis
503 2702 692 2741 sanctus
713 2696 928 2758 agnovit,
957 2706 1003 2742 et
1025 2697 1179 2760 ipsum
1204 2696 1356 2742 verbis
1383 2696 1638 2753 acerrimis,
1663 2713 1774 2758 non=

358 2769 630 2827 diaconum,
653 2756 924 2819 exsecravit.
947 2775 1077 2818 Tunc
1097 2772 1328 2836 impositis
1347 2782 1534 2820 sanctus
1558 2762 1762 2820 diacono

1050 2890 1068 2907 Ne
