2054 3450
419 345 468 380 14
751 392 755 397 .
780 344 848 379 DE
875 343 1063 381 GLORIA
1092 343 1462 382 CONFESSORUM.

987 519 1137 555 CAPUT
1161 518 1259 555 LIX.

753 619 805 652 De
820 618 979 665 Trojano
988 618 1000 638 ¹
1020 617 1131 664 ipsius
1147 616 1294 652 civitatis
1309 617 1489 665 episcopo.

479 735 707 798 Trojanus
740 736 853 782 item
888 734 1096 799 pontifex
1133 735 1279 799 ipsius
1307 735 1520 792 civitatis,
1557 733 1669 780 huic
1702 750 1823 781 con-

412 817 604 876 junctus
626 812 767 871 coelo,
788 812 969 858 vicinus
1000 821 1069 858 est
1096 812 1298 858 tumulo.
1324 813 1503 876 Magnae
1525 810 1654 858 enim
1676 811 1822 858 virtu-

415 890 473 936 tis
493 889 632 935 fuisse
656 888 829 935 dicitur
849 888 926 935 hic
942 885 1180 935 sacerdos.
1208 888 1431 946 Quodam
1451 905 1564 935 vero
1586 897 1820 951 tempore,

415 965 531 1013 dum
549 966 672 1012 inter
693 965 893 1012 obscura
915 965 1129 1013 noctium
1153 975 1369 1030 tempora
1389 966 1496 1013 loca
1510 974 1687 1024 sancta,
1717 979 1823 1028 quae

416 1053 530 1090 tunc
563 1044 612 1090 in
646 1043 842 1089 circuitu
879 1042 1008 1089 urbis
1043 1042 1354 1104 habebantur,
1383 1059 1482 1090 uno
1503 1051 1686 1090 tantum
1710 1040 1823 1088 sub-

415 1119 619 1167 diacono
651 1120 824 1166 comite
854 1119 1087 1180 circuiret,
1114 1119 1335 1184 apparuit
1367 1119 1410 1166 ei
1434 1118 1603 1182 globus
1624 1134 1824 1181 magnus

414 1196 626 1250 luminis,
666 1197 800 1260 quasi
835 1196 895 1244 de
938 1195 1058 1243 coelo
1084 1195 1392 1243 descendens.
1434 1196 1635 1259 Cognita
1663 1204 1824 1242 autem

414 1274 486 1320 vir
497 1274 585 1320 Dei
603 1290 673 1332 re,
698 1273 762 1320 ait
780 1273 969 1320 comiti:
989 1293 1011 1318 «
1031 1276 1097 1320 Ne
1114 1273 1322 1335 sequaris
1340 1273 1548 1337 penitus,
1562 1272 1716 1319 donec
1734 1286 1822 1334 ego

415 1359 460 1397 te
493 1366 720 1398 vocem.»
759 1353 814 1397 At
848 1350 924 1396 ille
951 1360 1083 1396 terrae
1118 1349 1388 1406 devolutus,
1420 1348 1661 1414 spectabat
1692 1346 1822 1395 haud

416 1427 582 1491 procul
598 1427 826 1491 quidnam
850 1426 1067 1473 miraculi
1090 1436 1246 1491 ageret
1260 1427 1346 1473 Dei
1368 1443 1553 1485 servus;
1574 1434 1674 1472 erat
1691 1424 1823 1471 enim

414 1520 525 1566 ager
542 1504 759 1568 publicus
778 1504 826 1549 in
842 1520 940 1567 quo
959 1504 1248 1551 constiterat.
1271 1504 1696 1568 Appropinquante
1710 1517 1824 1548 vero

414 1580 611 1638 lumine,
637 1582 843 1628 cucurrit
865 1580 1084 1628 sacerdos
1103 1581 1164 1628 ad
1188 1597 1440 1628 occursum
1463 1581 1581 1644 ejus,
1606 1589 1653 1627 et
1671 1595 1823 1643 usque

415 1657 475 1703 ad
498 1667 671 1704 terram
698 1674 746 1704 se
769 1657 1042 1715 humilians,
1068 1657 1133 1705 ait
1159 1674 1170 1702 z
1193 1678 1215 1700 ι(
1234 1656 1453 1716 Benedic,
1480 1672 1658 1720 quaeso,
1685 1654 1822 1715 mihi,

414 1733 550 1780 beate
570 1734 797 1799 pontifex.
822 1734 941 1781 »Cui
965 1733 1042 1780 ilie
1066 1750 1160 1798 que
1178 1732 1450 1794 advenerat,
1469 1733 1558 1779 ait:
1579 1752 1601 1777 «
1621 1734 1690 1778 Tu
1708 1731 1827 1778 mihi

415 1809 632 1871 benedic,
661 1810 881 1857 sacerdos
901 1811 987 1856 Dei
1009 1811 1226 1873 Trojane.
1251 1829 1274 1854 »
1305 1813 1357 1856 Et
1379 1809 1491 1856 dato
1522 1808 1612 1856 sibi
1634 1807 1819 1864 osculo,

417 1887 535 1934 facta
559 1887 790 1945 oratione,
829 1886 974 1933 locuti
1009 1897 1120 1933 sunt
1143 1886 1405 1933 diutissime
1432 1884 1588 1932 simul„
1617 1884 1822 1931 Subdia-

416 1979 567 2010 conus
589 1979 700 2010 vero
730 1963 974 2019 attonitus,
1001 1973 1218 2027 spectans
1246 1962 1364 2010 vidit
1390 1962 1553 2009 lumen
1579 1961 1713 2026 quod
1742 1977 1824 2026 ap-

416 2049 653 2104 paruerat,
691 2039 856 2086 eadem
887 2054 983 2102 qua
1005 2048 1197 2086 venerat
1227 2039 1301 2085 via
1331 2039 1518 2085 reverti.
1545 2040 1824 2101 Vocatoque

417 2116 478 2163 ad
497 2134 545 2163 se
569 2116 882 2174 subdiacono,
912 2117 975 2162 ait
1002 2135 1012 2162 :
1040 2135 1063 2160 «
1083 2115 1263 2163 Accede
1285 2132 1430 2172 nunc,
1461 2125 1512 2161 ut
1535 2115 1824 2179 explicemus

416 2204 624 2258 coeptum
648 2194 736 2241 iter
767 2193 828 2240 ad
851 2192 1083 2240 visitanda
1105 2203 1377 2239 sanctorum
1401 2192 1521 2238 loca.
1548 2210 1570 2234 >³
1600 2192 1826 2237 Tremens

416 2287 530 2317 vero
554 2270 875 2318 subdiaconus
901 2270 994 2317 ait:
1022 2290 1045 2312 «
1062 2272 1248 2328 Quaeso,
1278 2269 1489 2327 domine,
1512 2285 1572 2314 ne
1598 2267 1833 2332 despicias

416 2348 728 2394 humilitatem
750 2364 925 2406 meam,
947 2347 1030 2394 'sed
1053 2347 1208 2394 indica
1239 2346 1354 2392 mihi
1378 2362 1482 2410 quae
1505 2345 1695 2402 videris,
1723 2345 1826 2391 ani-

418 2424 647 2472 madverti
669 2425 795 2471 enim
822 2425 980 2471 nescio
1002 2423 1119 2488 quid
1145 2424 1282 2470 fuisse
1304 2422 1537 2469 divinum.
1557 2443 1579 2466 κ
1601 2421 1688 2468 Cui
1712 2421 1790 2468 ille
1810 2439 1821 2468 ε

422 2501 576 2548 «Dico
599 2500 700 2562 tibi,
729 2500 811 2547 sed
840 2510 889 2546 tu
915 2500 1092 2546 nemini
1118 2499 1308 2546 dixeris.
1338 2501 1454 2545 Nam
1475 2499 1593 2544 scito
1615 2497 1748 2562 quod
1775 2497 1822 2542 in

418 2594 699 2642 quacunque
729 2577 805 2623 die
823 2576 924 2623 haec
956 2575 1284 2641 publicaveris,
1321 2575 1381 2622 ab
1407 2575 1500 2622 hoc
1530 2573 1711 2625 mundo
1735 2573 1825 2631 mi·

418 2654 589 2718 grabis.
627 2656 870 2713 Sanctum,
906 2653 1078 2717 inquit,
1109 2653 1363 2699 Martinum
1389 2651 1678 2698 Turonicum
1707 2649 1822 2710 vidi,

473 2816 531 2869 (1)
557 2820 617 2856 De
640 2817 873 2867 Trophiano5
893 2812 986 2854 'dein
1009 2816 1202 2866 Trofianus
1220 2824 1259 2854 et
1279 2818 1484 2864 Trojanus;
1498 2816 1624 2854 2791.

2043 2123 2054 2131 x
2040 2039 2054 2093 ,ΔΞ-ῑγ
2042 1686 2054 2031 ΜΑΑ“.ὼχᾶ-.Δι-»-
2044 1620 2054 1678 Λ...-
2048 1570 2054 1613 -,
2048 1540 2054 1560 ..f
2043 1501 2054 1528 ’..
2050 1464 2054 1484 -Λ
2047 1451 2050 1456 -
2048 1422 2054 1436 Λ
