2054 3450
431 342 505 379 226
732 327 742 336 ‘
940 343 1067 379 vrrAE
1094 343 1313 380 PATRUM.

429 428 478 473 in
507 428 660 488 terris,
685 427 814 492 prius
837 427 1047 490 genitrici
1069 427 1218 475 voluit
1239 429 1441 476 revelare
1463 449 1474 477 :
1501 430 1561 477 de
1583 431 1717 495 cujus
1736 431 1830 479 vita

426 504 654 551 retinetur
679 503 874 568 quidem
897 504 1067 551 exinde
1088 504 1298 552 libellus¹
1317 505 1588 567 nobiscum,
1618 508 1778 555 nescio
1800 523 1829 555 a

424 598 522 646 quo
541 583 849 646 compositus,
868 583 950 646 qui
977 583 1145 630 multas
1166 583 1360 647 quidem
1382 584 1576 631 virtutes
1595 585 1695 648 ejus
1712 602 1826 650 pana

425 658 511 720 dit,
537 676 636 706 non
660 669 819 707 tamen
848 659 918 707 vel
939 659 1186 707 exordium
1208 660 1461 707 nativitatis
1482 662 1828 710 conversionis-

423 753 516 800 que
531 737 646 800 ejus,
672 737 745 784 vel
761 738 928 784 seriem
949 737 1175 784 virtutum
1195 736 1401 784 declarat
1423 735 1484 784 ad
1503 736 1759 800 liquidum;
1781 748 1827 786 et

421 812 530 860 licet
548 829 636 860 nec
658 830 747 860 nos
768 830 934 861 omnes
951 814 1051 877 ejus
1073 814 1267 860 virtutes
1287 813 1684 876 investigavimus,
1709 830 1828 878 quas

420 905 506 954 per
522 906 632 936 eum
651 890 885 936 Dominus
902 889 977 936 vel
996 889 1178 937 occulte
1202 890 1388 955 operari
1406 899 1476 936 est
1491 889 1730 953 dignatus,
1752 890 1827 939 vel

419 964 625 1029 publice,
650 975 807 1012 tamen
831 982 934 1029 quae
955 966 1017 1013 ad
1042 966 1253 1030 priorem
1275 976 1519 1014 auctorem
1541 983 1639 1014 non
1662 983 1826 1032 perve-

418 1052 608 1102 nerunt,
634 1043 720 1089 etsi
744 1043 976 1089 rusticiori
1005 1042 1124 1105 stylo
1152 1042 1359 1107 pandere
1382 1043 1759 1107 procuravimus.

484 1121 531 1165 1.
569 1120 714 1183 Igitur
731 1119 1018 1167 Florentius’
1037 1119 1231 1184 quidam
1251 1137 1310 1177 ea
1320 1120 1620 1168 senatoribus
1633 1131 1828 1187 accepta

419 1196 623 1243 Artemia
652 1196 870 1259 conjuge,
903 1213 1013 1244 cum
1043 1196 1164 1243 duos
1184 1197 1284 1259 Jam
1306 1196 1504 1245 haberet
1531 1197 1723 1256 liberos,
1763 1197 1825 1245 ad

415 1273 739 1337 episcopatum
761 1271 1039 1319 sanubensis
1065 1272 1192 1319 urbis
1215 1273 1537 1338 expetebatur,
1571 1284 1618 1321 et
1649 1290 1699 1322 re
1723 1275 1823 1338 jam

415 1348 609 1396 obtenta
632 1366 742 1396 cum
767 1349 994 1413 principe,
1020 1348 1080 1396 ad
1103 1349 1303 1397 domum
1326 1351 1588 1410 revertitur,
1615 1351 1823 1415 conjugi-

415 1442 510 1489 que
531 1442 636 1490 quae
654 1435 811 1488 egerat
830 1426 1075 1472 nuntiavit.
1099 1425 1242 1483 Quod
1263 1425 1341 1473 illa
1362 1426 1559 1474 audiens
1579 1426 1825 1491 respondit

417 1502 545 1548 viro:
569 1521 591 1546 «
608 1503 780 1548 Desine
797 1517 971 1564 quaeso,
989 1501 1256 1548 dulcissime
1272 1502 1462 1566 conjux,
1479 1501 1539 1549 ab
1553 1502 1644 1550 hac
1661 1519 1821 1563 causa,

415 1588 462 1625 et
490 1594 550 1625 ne
577 1578 812 1642 quaesieris
834 1579 1164 1642 episcopatum
1191 1577 1346 1638 urbis,
1375 1578 1488 1643 quia
1510 1595 1598 1643 ego
1625 1595 1679 1626 ex
1704 1596 1821 1627 con-

415 1664 553 1719 ceptu
570 1671 598 1702 a
613 1665 657 1701 te
672 1665 861 1719 sumpto
879 1655 1157 1719 episcopum
1173 1671 1286 1719 gero
1303 1655 1353 1701 in
1371 1665 1524 1702 utero.
1535 1675 1557 1699 »
1582 1656 1823 1720 Requievit

416 1732 489 1778 vir
509 1732 693 1797 sapiens
716 1730 875 1778 audita
900 1747 1062 1791 uxore,
1089 1747 1410 1778 rememorans
1431 1730 1549 1779 illud
1571 1731 1704 1796 quod
1727 1749 1819 1780 vox
1882 1783 1886 1786 ,

415 1808 576 1856 divina
610 1807 854 1873 quondam
887 1808 1088 1873 principi
1118 1807 1227 1855 fidei
1257 1818 1428 1856 nostrae
1458 1808 1653 1856 Abrahae
1680 1809 1821 1858 beato

414 1896 732 1953 praeceperat:
764 1907 785 1930 α
810 1887 985 1934 Omnia
1017 1903 1326 1951 quaecumque
1360 1887 1528 1934 dixerit
1563 1887 1649 1934 tibi
1680 1881 1819 1950 Sara,
1846 1935 1862 1944 Ν

417 1963 531 2011 audi
557 1979 727 2010 vocem
754 1967 869 2026 eJus.
893 1983 914 2006 »
950 1962 1165 2026 Denique
1193 1962 1396 2026 impletis
1417 1963 1631 2027 pariendi
1652 1963 1822 2011 diebus

418 2040 587 2086 mulier
614 2041 751 2086 enixa
772 2048 840 2085 est
864 2043 1081 2102 puerum,
1110 2055 1252 2102 quem
1275 2040 1407 2103 quasi
1428 2040 1680 2088 victorem³
1695 2041 1820 2088 futu-

416 2133 523 2163 rum
538 2115 723 2174 mundi,
743 2115 976 2161 Nicetium
990 2115 1038 2161 in
1054 2115 1292 2179 baptismo
1308 2116 1550 2175 vocitavit,
1576 2117 1820 2165 eumdem-

416 2210 509 2257 que
541 2209 727 2240 summa
757 2192 987 2239 nutritum
1024 2191 1265 2254 diligentia
1302 2191 1465 2239 litteris
1501 2194 1821 2242 ecclesiasticis

416 2269 658 2317 mandavit
679 2268 873 2315 institui.
899 2268 1134 2315 Defuncto
1156 2278 1315 2315 autem
1337 2279 1486 2333 patre,
1510 2270 1589 2318 hic
1611 2287 1722 2318 cum
1740 2288 1819 2335 ge-

415 2347 581 2393 nitrice
600 2346 699 2409 jam
720 2344 916 2391 clericus
947 2345 996 2391 in
1027 2344 1175 2391 domo
1206 2355 1403 2409 paterna
1435 2347 1670 2409 residens,
1707 2364 1819 2396 cum

413 2423 605 2487 reliquis
642 2422 827 2469 famulis
859 2437 1004 2468 manu
1037 2422 1228 2487 propria
1260 2421 1524 2483 laborabat,
1557 2423 1819 2488 intelligens
1850 2433 1856 2438 '

400 2500 760 2546 ‘commotiones
791 2514 1046 2562 corporeas
1079 2515 1177 2545 non
1211 2498 1344 2546 aliter
1371 2500 1462 2546 nisi
1493 2500 1736 2548 laboribus
1770 2511 1816 2548 et

466 2638 523 2690 (1)
552 2641 664 2676 Hunc
683 2637 853 2676 libellum
871 2650 919 2675 ex
943 2651 1014 2682 ms.
1036 2638 1131 2677 cod.
1152 2638 1370 2676 monasterii
1387 2638 1556 2677 Jurensis
1573 2638 1690 2676 edidit
1710 2639 1819 2678 Chif-

412 2698 536 2735 fletius
554 2698 592 2735 in
610 2697 769 2739 Paulino
787 2697 988 2743 illustram,
1009 2705 1046 2735 et
1061 2710 1109 2735 ex
1125 2710 1172 2735 eo
1190 2697 1427 2735 Bollandiani
1448 2697 1510 2736 die
1528 2700 1552 2735 2
1572 2698 1716 2750 aprilis.
1733 2697 1816 2752 (R.)

470 2755 526 2806 (2)
553 2756 658 2794 Alias
667 2758 926 2794 florentinus.
947 2754 1032 2808 (R.)

466 2814 522 2866 (3)
550 2812 678 2852 Vict'or
695 2825 819 2865 graece
836 2813 998 2860 νικητής.
