2054 3450
371 365 447 401 242
889 362 1013 399 vtTAE
1042 361 1260 399 PATRUM.

370 450 535 515 aspicit
558 448 823 498 confractas
845 448 1114 511 compedes,
1129 447 1458 511 disruptasque
1479 448 1686 496 maculas
1703 465 1780 495 ca-

369 537 605 584 tenarum,
631 542 734 589 quae
757 525 1063 590 culpabilium
1091 525 1165 572 vel
1197 524 1508 572 astrinxerant
1540 525 1681 587 colla,
1706 526 1782 573 vel

368 621 502 651 suras
526 604 819 658 attriverant,
847 612 892 649 et
917 602 1175 650 admiratus
1203 611 1270 649 est
1299 618 1309 647 ε
1339 600 1420 647 sed
1446 600 1546 648 baec
1567 613 1782 650 contem-

369 682 515 746 platio
540 697 639 727 non
664 680 749 727 fuit
776 695 926 727 vacua
956 679 1211 727 miraculis.
1241 682 1361 726 Nam
1391 678 1579 726 rediens
1606 679 1666 726 ad
1696 696 1783 727 nos

367 758 629 824 presbyter,
669 757 904 805 asserebat
937 774 1048 804 cum
1075 766 1370 804 sacramento
1406 765 1500 803 tres
1538 771 1700 804 coram
1734 773 1783 804 se

366 836 431 883 ibi
457 852 606 883 caecos
630 835 768 882 fuisse
805 835 968 882 lumini
1000 834 1228 893 redditos,
1266 850 1320 880 ac
1361 832 1559 879 domum
1591 832 1783 881 rediisse

366 914 584 960 salvatos.
621 915 739 959 Nam
777 911 902 978 apud
948 911 1276 960 Genabensem
1316 910 1574 958 Galliarum
1614 908 1784 958 urbem

367 990 481 1036 dum
508 990 608 1054 ejus
629 989 835 1052 reliquiae
863 1006 972 1036 cum
995 988 1183 1035 honore
1204 987 1438 1055 psallentii
1466 995 1781 1052 portarentur,

366 1077 545 1115 tantam
571 1066 636 1113 ibi
662 1067 897 1114 Dominus
919 1066 1117 1130 gratiam
1139 1074 1358 1132 praestare
1379 1065 1598 1128 dignatus
1621 1073 1708 1123 est,
1733 1073 1786 1113 ut

366 1145 639 1210 suppliciter
658 1143 929 1201 adorantes,
958 1152 1004 1190 et
1025 1142 1130 1189 caesi
1158 1142 1327 1197 visum,
1355 1151 1402 1188 et
1424 1140 1583 1188 claudi
1606 1141 1784 1204 recipe-

367 1232 470 1269 rent
494 1237 703 1285 gressum
732 1238 741 1265 ε
773 1236 862 1268 nec
883 1219 1103 1267 dubitare
1124 1228 1307 1284 poterat
1326 1218 1561 1282 quispiam
1579 1233 1785 1281 praesen·

367 1308 459 1346 tem
500 1315 601 1347 esse
635 1296 979 1357 consessorem,
1021 1312 1132 1344 cum
1169 1293 1394 1343 videbant
1435 1293 1543 1341 talia
1583 1292 1784 1341 infirmis

367 1376 688 1424 remediorum
713 1389 913 1422 munera
931 1372 1204 1420 ministrari.

430 1456 478 1501 7.
502 1452 680 1500 Seditio
698 1452 874 1498 etenim
896 1451 944 1497 in
970 1449 1183 1514 quodam
1198 1450 1308 1496 loco
1324 1457 1505 1506 exorta,
1519 1463 1629 1495 cum
1640 1447 1784 1511 vulgo

366 1530 583 1576 saeviente
606 1528 877 1575 volantibus
914 1527 1035 1575 saxis
1057 1542 1112 1572 ac
1139 1525 1335 1583 facibus,
1363 1525 1494 1571 furor
1519 1540 1651 1571 arma
1684 1540 1784 1572 non

369 1605 671 1654 mediocriter
698 1605 1002 1662 ministraret,
1043 1619 1166 1649 unus
1199 1601 1382 1648 elevato
1415 1601 1539 1648 ensis
1566 1600 1786 1648 acumine

365 1698 477 1729 cum
510 1682 687 1730 assultu
726 1681 857 1746 gravi
889 1681 1047 1727 virum
1080 1678 1297 1744 perculit.
1345 1681 1458 1724 Post
1492 1677 1592 1724 dies
1626 1687 1785 1726 autem

368 1776 547 1824 paucos
574 1768 740 1806 nactus
776 1758 835 1804 ab
875 1756 1143 1821 interempti
1177 1771 1432 1819 germano,
1481 1754 1620 1802 simili
1659 1755 1787 1802 exitu

370 1837 651 1884 trucidatur.
692 1835 836 1893 Quod
875 1851 985 1882 cum
1012 1833 1156 1896 judex
1186 1833 1277 1879 loci
1311 1833 1431 1880 illius
1460 1832 1783 1897 comperisset,

371 1914 580 1960 vinctum
605 1914 760 1959 virum
783 1913 831 1958 in
859 1927 1097 1958 carcerem
1119 1910 1298 1957 retrudi
1321 1909 1562 1974 praecepit,
1588 1909 1780 1957 dicens:

373 2010 395 2033 «
426 1990 607 2052 Dignus
628 1998 698 2035 est
716 1987 846 2035 letho
864 1987 943 2033 hic
961 1986 1183 2034 scelestus
1196 1985 1496 2043 occumbere,
1521 1985 1603 2047 qui
1620 1984 1787 2032 volun-

371 2068 477 2113 tatis
499 2065 702 2132 propriae
724 2062 940 2118 arbitrio,
965 2078 1053 2110 nec
1076 2071 1343 2129 exspectato
1359 2061 1537 2125 judice,
1553 2077 1696 2110 ausus
1716 2070 1786 2108 est

372 2154 549 2190 temere
569 2153 773 2190 mortem
797 2141 949 2189 fratris
972 2140 1151 2188 ulcisci.
1175 2160 1195 2183 n
1214 2141 1263 2187 ln
1289 2156 1382 2204 qua
1407 2139 1525 2186 dum
1547 2148 1787 2188 teneretur

371 2221 604 2281 custodia,
622 2230 668 2268 et
692 2219 949 2266 multorum
971 2228 1245 2267 sanctorum
1264 2215 1540 2266 nominibus
1557 2217 1787 2264 invocatis

372 2297 743 2346 misericordiam
768 2305 1056 2362 precaretur,
1083 2295 1218 2358 quasi
1243 2294 1305 2343 ad
1326 2303 1543 2342 sanctum
1565 2293 1652 2352 Dei
1673 2309 1786 2358 pro-

374 2376 473 2440 prie
491 2391 766 2433 conversus,
787 2375 877 2420 ait:
898 2392 921 2418 «
941 2372 1109 2420 Audivi
1132 2372 1192 2418 de
1214 2381 1278 2430 te,
1295 2381 1456 2418 sancte
1469 2371 1634 2431 Niceti,
1651 2369 1784 2434 quod

373 2453 434 2499 sis
458 2462 627 2518 potens
648 2452 696 2497 in
730 2466 875 2515 opere
900 2449 1247 2506 misericordiae,
1269 2464 1325 2494 ac
1346 2449 1451 2512 pius
1475 2448 1523 2494 in
1543 2447 1787 2512 compedi-

374 2540 532 2576 torum
567 2528 784 2575 flentium
818 2526 1134 2573 absolutione.
1168 2527 1409 2589 Deprecor
1447 2540 1594 2582 nunc,
1632 2533 1682 2570 ut
1711 2540 1787 2571 me

374 2607 447 2653 illa
461 2604 830 2670 supereminenti
853 2603 1025 2668 pietate
1047 2603 1232 2650 visitare
1255 2602 1474 2665 digneris,
1494 2617 1587 2665 qua
1606 2602 1653 2647 in
1679 2601 1786 2648 reli-

374 2699 579 2745 quorum
612 2680 912 2728 absolutione
936 2680 1206 2726 vinctorum
1237 2679 1404 2743 saepius
1426 2678 1647 2725 claruisti.
1681 2699 1702 2721 n
1729 2680 1787 2725 Et

373 2770 476 2824 post
497 2760 742 2822 paululum
763 2758 1087 2811 obdormiens,
1117 2757 1334 2821 apparuit
1357 2756 1398 2801 ei
1424 2756 1492 2801 vir
1513 2754 1696 2815 beatuS‚
1719 2755 1787 2801 di·

373 2853 484 2882 cens
520 2853 530 2880 ε
571 2856 592 2878 «
628 2836 743 2892 Quis
776 2844 914 2890 estu,
942 2834 1023 2897 qui
1055 2849 1231 2880 nomen
1260 2833 1424 2879 Nicetii
1450 2832 1673 2879 invocas?
1707 2841 1786 2880 aut
