2054 3450
411 360 488 397 308
931 357 1056 392 VITAE
1083 356 1246 392 PATRU
1251 358 1300 392 M.

410 453 735 510 sequerentur,
772 443 1054 506 conjunctus
1087 451 1157 489 est
1179 451 1378 505 uterque
1406 441 1636 506 populus3
1674 449 1721 487 et
1752 440 1817 486 sic

410 524 582 588 pariter
619 537 768 585 usque
799 520 862 567 ad
894 519 1321 567 Transaliacensem
1355 520 1513 565 vicum
1547 519 1815 578 venientes,

407 599 651 647 celebratis
671 598 838 658 missis,
865 597 1056 644 beatum
1086 613 1260 661 corpus
1283 612 1393 642 cum
1417 611 1604 642 summo
1632 594 1819 642 honore

408 676 677 740 gaudioque
699 674 999 739 sepelierunt.
1028 678 1081 720 In
1101 690 1198 736 quo
1219 674 1325 720 vico
1352 672 1520 737 saepius
1543 688 1592 718 se
1614 670 1821 719 beatissi-

409 770 515 800 mus
552 753 597 799 in
632 751 884 799 virtutibus
922 750 1193 798 declaravit.
1239 750 1330 796 Sed
1375 758 1422 795 et
1455 747 1724 813 Lipidiaco‚
1770 758 1822 795 ut

408 845 550 894 supra
580 827 759 893 praefati
793 844 980 888 sumus,
1008 827 1288 891 plerumque
1320 842 1441 890 opus
1472 825 1573 887 ejus
1604 833 1819 871 sanctum

410 905 693 960 ostenditur,
718 914 918 968 uterque
941 904 1069 951 enim
1091 903 1224 950 locus
1258 902 1397 949 unius
1424 901 1573 949 sancti
1596 901 1821 965 praesidiis

409 982 750 1029 communitur.
787 983 845 1027 Et
878 980 1085 1027 fortassis
1121 979 1439 1042 quorumdam
1471 977 1821 1025 incredibilium

407 1059 600 1106 latratus
637 1057 697 1104 de
733 1057 809 1104 his
843 1066 1043 1104 conatur
1085 1056 1383 1122 obstrepere,
1423 1056 1643 1103 noverint
1680 1071 1707 1102 a
1747 1071 1823 1102 me

407 1136 563 1182 visum
584 1134 854 1182 Deodatum
876 1133 1222 1199 presbyterum,
1261 1150 1495 1180 summam
1532 1132 1823 1196 octogenarii

408 1213 494 1259 aevi
515 1212 764 1271 ferentem,
794 1213 877 1276 qui
903 1211 1022 1258 mihi
1046 1211 1145 1257 haec
1176 1220 1229 1257 ut
1263 1211 1437 1274 scripta
1464 1219 1574 1257 sunt
1601 1209 1819 1270 contulit,

408 1287 696 1335 confirmans
718 1298 1016 1335 sacramento
1044 1286 1162 1333 nibil
1193 1303 1241 1333 se
1263 1287 1324 1333 de
1348 1287 1420 1333 his
1443 1286 1654 1334 admixto
1684 1302 1820 1333 men-

407 1363 545 1412 dacio
567 1380 825 1411 enarrasse.

973 1463 1130 1498 CAPUT
1154 1463 1256 1500 XIV.

867 1558 921 1592 De
937 1566 1057 1592 sancto
1072 1557 1203 1592 Martio
1221 1556 1360 1592 abbate.

473 1673 696 1733 Magnum
730 1669 869 1717 nobis
897 1670 1057 1718 divina
1084 1671 1231 1736 pietas
1255 1670 1449 1734 largitur
1483 1678 1820 1733 augmentum,

407 1764 517 1795 cum
541 1748 723 1796 delictis
749 1749 920 1795 nostris
945 1748 1044 1796 fieri
1074 1750 1293 1814 praecepit
1311 1749 1372 1796 de
1393 1749 1671 1795 remissione
1693 1747 1823 1795 refu-

409 1825 564 1887 gium,
602 1825 640 1871 si
673 1826 972 1889 ignoscamus
1011 1826 1382 1890 negligentibus,
1424 1826 1463 1872 si
1494 1824 1826 1889 indulgeamus

408 1901 702 1962 laedentibus‚
729 1903 766 1949 si
790 1902 1060 1950 odientibus
1083 1920 1172 1950 nos
1195 1920 1222 1950 e
1247 1904 1487 1951 contrario
1513 1901 1825 1949 commodum

406 1978 753 2025 benedictionis
802 1979 1130 2042 impertiamur
1147 2016 1158 2037 ‚
1211 1980 1400 2027 dicente
1452 1979 1661 2026 Domino
1715 1981 1825 2025 Jesu

407 2053 593 2101 Christo
626 2071 636 2099 ε
680 2074 702 2097 α
730 2055 919 2117 Diligite
955 2055 1174 2102 inimicos
1208 2066 1412 2113 vestros,
1447 2055 1711 2102 benefacite
1751 2053 1825 2101 his

407 2130 490 2193 qui
507 2129 712 2176 oderunt
733 2147 835 2190 vos,
858 2140 905 2177 et
921 2141 1052 2178 orate
1074 2148 1163 2196 pro
1183 2131 1582 2179 calumniantibus
1598 2141 1645 2178 et
1665 2146 1823 2195 perse-

407 2206 663 2269 quentibus
690 2223 791 2266 vos,
826 2217 878 2254 ut
909 2208 1005 2255 sitis
1040 2208 1122 2255 filii
1157 2209 1304 2257 Patris
1330 2209 1471 2256 vestri
1506 2209 1589 2272 qui
1621 2209 1669 2254 in
1694 2206 1826 2255 coelis

408 2292 493 2329 est.
522 2301 545 2326 υ
569 2285 687 2330 Ecce
709 2300 853 2347 quam
878 2301 1102 2349 magnum
1125 2285 1403 2333 thesaurum
1425 2294 1679 2348 congregat
1709 2300 1824 2331 con-

409 2368 615 2423 temptus
639 2360 732 2417 irae,
761 2362 1084 2409 reconciliatio
1110 2362 1338 2423 damnati,
1358 2362 1570 2408 remissio
1589 2361 1786 2425 judicati
1809 2379 1820 2408 ε

409 2435 560 2483 filium
584 2446 630 2483 te
649 2437 736 2484 Dei
758 2439 905 2485 Patris
933 2438 1066 2498 facit,
1095 2439 1395 2486 cohaeredem
1420 2438 1588 2486 Christi
1613 2437 1820 2495 ascribit,

409 2513 677 2561 coelestibus
705 2523 750 2560 te
783 2516 935 2578 regnis
961 2515 1277 2563 habitatorem
1305 2516 1482 2563 statuit.
1512 2516 1648 2562 Unde
1673 2516 1824 2563 mani-

412 2590 581 2637 festum
602 2600 671 2637 est
693 2590 954 2639 oblitterari
989 2592 1159 2640 delicta
1190 2597 1290 2657 ejus
1324 2593 1373 2638 in
1407 2592 1530 2639 coelo
1555 2593 1636 2655 qui
1670 2591 1823 2639 delin-

409 2668 575 2730 quenti
613 2667 901 2716 beneficium
941 2670 1089 2716 veniae
1125 2669 1391 2733 impertitur
1428 2669 1477 2714 in
1515 2668 1702 2715 saeculo.
1746 2669 1822 2715 Sic

409 2744 538 2789 enim
565 2746 803 2792 Dominici
834 2746 928 2793 oris
959 2747 1190 2793 sententia
1224 2745 1408 2810 prolata
1442 2754 1666 2792 testatur:
1697 2766 1718 2788 α
1753 2745 1818 2804 Si,

410 2820 578 2883 inquit,
605 2820 874 2867 dimiseritis
892 2822 1168 2869 hominibus
1191 2833 1385 2886 peccata
1407 2839 1592 2883 eorum,
1615 2822 1822 2868 dimittet
