2054 3450
425 290 499 326 358
935 287 1062 325 VITAE
1089 288 1308 327 PATRUM.

424 375 736 422 annuntiavit.
783 376 1029 437 Regressus
1067 384 1225 422 autem
1262 391 1291 422 a
1327 392 1435 439 rege
1460 388 1627 425 evectu
1651 380 1822 442 navali,

425 451 732 499 obdormivit.
772 453 826 497 Et
859 467 967 498 ecce
999 462 1267 499 commotus
1300 463 1442 499 vento
1482 453 1651 502 fluvius
1686 457 1828 522 coepit

426 530 594 576 fluctus
611 529 658 574 in
678 527 858 575 excelsa
876 528 1130 593 porrigere,
1158 529 1221 576 ita
1240 539 1290 575 ut
1315 539 1555 594 putaretur
1575 533 1708 580 navis
1728 534 1829 599 ipsa

425 606 651 669 demergi.
676 605 904 653 Sacerdos
925 614 1100 663 autem,
1127 615 1178 652 ut
1194 607 1370 670 praefati
1388 624 1566 667 sumus,
1589 608 1830 657 dormiens

425 699 594 730 somno
626 683 785 730 nescio
812 700 933 747 quo,
965 692 1017 729 ut
1041 683 1320 747 plerumque
1355 683 1698 733 dormientibus
1723 703 1830 746 eve-

428 761 522 819 nit,
549 761 681 823 quasi
704 760 765 807 ab
790 760 947 823 aliquo
973 775 1224 824 oppressus
1249 769 1335 806 est.
1373 762 1608 809 Excitatus
1640 780 1832 828 quoque

427 853 455 883 a
479 839 574 883 suis
594 835 699 882 fecit
718 836 902 898 signum
925 836 1078 882 crucis
1104 853 1245 900 super
1266 852 1405 900 aqua,
1431 847 1478 884 et
1501 839 1696 886 cessavit
1720 856 1832 904 pro-

426 912 559 959 cella.
594 911 778 959 Deinde
804 913 1040 977 suspirans
1075 912 1311 971 crebrius,
1348 914 1662 979 interrogatus
1688 932 1715 963 a
1739 917 1834 963 suis

427 1000 495 1036 est
526 989 640 1053 quid
669 988 873 1035 vidisset.
912 989 1006 1046 Qui
1037 989 1133 1038 ait:
1165 1008 1188 1034 «
1224 989 1369 1037 Silere
1390 991 1586 1055 quidem
1613 993 1833 1041 deereve-

429 1083 558 1124 ram,
597 1065 680 1113 sed
713 1075 871 1112 tamen
922 1065 1095 1113 dicam.
1155 1065 1259 1118 Vidi
1293 1068 1421 1114 enim
1458 1085 1531 1115 me
1575 1070 1707 1134 quasi
1750 1087 1836 1135 per

430 1144 700 1190 universum
730 1142 895 1189 orbem
932 1143 1045 1190 retia
1081 1142 1142 1190 ad
1173 1144 1457 1208 capiendum
1488 1146 1763 1208 extendere,
1791 1157 1837 1195 et

430 1219 584 1266 nullus
612 1230 711 1266 erat
736 1219 924 1282 adjutor
954 1236 1112 1280 meus,
1146 1220 1235 1266 nisi
1273 1230 1454 1268 tantum
1481 1222 1559 1269 hic
1583 1240 1701 1287 puer
1724 1226 1836 1272 Are-

430 1297 551 1343 dius.
573 1317 594 1339 ι)
611 1299 669 1343 Et
683 1297 851 1343 merito
866 1313 977 1343 eum
991 1297 1226 1344 Dominus
1243 1297 1473 1346 retificem
1489 1299 1738 1347 ostendere
1755 1317 1838 1348 vo-

430 1375 533 1435 luit,
560 1375 641 1438 qui
665 1373 879 1438 quotidie
899 1373 1103 1439 populos
1129 1374 1189 1421 ad
1212 1374 1427 1441 divinum
1453 1376 1662 1424 officium
1684 1379 1838 1444 capie-

430 1450 528 1498 bat.
574 1451 713 1497 Venit
745 1460 903 1497 autem
933 1449 992 1496 ad
1023 1466 1133 1496 eum
1165 1450 1313 1498 homo
1343 1452 1535 1516 quidam
1557 1489 1569 1512 ,
1603 1454 1839 1502 caesariem

432 1526 725 1590 barbamque
744 1526 975 1591 prolixam
997 1526 1212 1589 efferens,
1238 1538 1594 1594 prostratusque
1616 1530 1677 1578 ad
1695 1531 1840 1596 pedes

433 1604 532 1667 ejus
563 1604 627 1651 ait
652 1622 661 1650 ε
691 1623 713 1648 «
742 1606 839 1667 Ego
865 1619 996 1663 sum,
1024 1603 1247 1664 domine,
1276 1606 1359 1669 qui
1386 1606 1433 1652 in
1465 1608 1604 1654 maris
1629 1608 1840 1672 periculo

434 1681 637 1746 positus,
667 1690 750 1727 tuo
786 1679 1025 1743 adjutorio
1052 1697 1156 1727 sum
1181 1682 1401 1729 salvatus.
1433 1702 1455 1727 »
1485 1685 1537 1730 At
1566 1683 1644 1730 ille
1674 1684 1839 1749 objur-

432 1775 546 1822 gans
570 1757 835 1817 hominem,
864 1774 949 1804 cur
973 1757 1033 1804 de
1056 1774 1114 1804 eo
1138 1757 1422 1807 laudationis
1445 1759 1585 1824 hujus
1609 1762 1842 1826 proferret

434 1836 649 1899 gloriam,
674 1835 738 1882 ait
759 1853 769 1881 :
799 1855 821 1880 «
844 1835 930 1881 Dic
946 1835 1144 1899 qualiter
1162 1845 1207 1883 te
1230 1837 1358 1882 Deus
1377 1836 1438 1884 ab
1461 1837 1550 1884 hac
1571 1839 1842 1887 necessitate

432 1913 620 1978 eripuit,
650 1929 761 1960 nam
788 1914 934 1960 virtus
958 1929 1062 1960 mea
1096 1913 1278 1960 nullum
1302 1914 1468 1977 juvare
1493 1926 1663 1980 poiest.
1696 1936 1718 1960 »
1748 1918 1842 1976 Qui

434 1991 527 2037 ait:
561 2009 583 2031 «
612 1990 891 2054 Nuperrimo
918 2000 1131 2054 tempore
1149 2006 1260 2036 cum
1286 2007 1457 2038 navem
1476 1993 1731 2040 ascendens
1752 1996 1842 2042 Ita·

433 2067 543 2113 liam
569 2076 796 2130 peterem,
823 2065 1075 2113 multitudo
1098 2082 1393 2130 paganorum
1423 2084 1610 2116 mecum
1637 2071 1843 2133 ingressa

434 2153 521 2203 est,
554 2144 677 2189 inter
699 2159 818 2206 quos
842 2153 888 2190 et
914 2160 1001 2207 ego
1037 2153 1224 2190 tantum
1259 2144 1385 2191 solus
1411 2162 1540 2192 eram
1568 2147 1690 2194 inter
1714 2146 1844 2195 illam

434 2220 717 2266 rusticorum
768 2219 1122 2266 multitudinem
1174 2220 1470 2268 christianus.
1518 2224 1635 2270 Orta
1683 2233 1844 2272 autem

438 2306 709 2361 tempestate
735 2298 858 2362 coepi
894 2297 1116 2344 invocare
1149 2313 1327 2344 nomen
1372 2298 1590 2359 Domini,
1628 2309 1769 2364 atque
1792 2311 1845 2350 ut

434 2390 509 2420 me
533 2374 807 2421 intercessio
831 2383 911 2421 tua
934 2374 1134 2438 eriperet
1161 2373 1396 2437 flagitare;
1425 2376 1596 2439 pagani
1626 2393 1742 2423 vero
1766 2377 1842 2425 in-

435 2450 668 2498 vocabant
698 2451 813 2499 deos
847 2468 984 2512 suOS,
1024 2461 1070 2498 et
1106 2451 1182 2498 ille
1216 2454 1405 2510 Jovem,
1447 2453 1534 2500 iste
1557 2454 1843 2502 Mercurium

432 2527 780 2592 proclamabat,
819 2528 937 2574 alius
962 2529 1210 2589 Minervae,
1245 2528 1362 2575 alius
1393 2530 1584 2576 Veneris
1617 2530 1843 2578 auxilium

432 2603 688 2666 flagitabat.
715 2607 929 2668 Cumque
942 2605 1041 2668 jam
1058 2605 1107 2651 in
1133 2604 1403 2651 discrimine
1427 2622 1653 2666 essemus,
1681 2607 1756 2653 aio
1779 2607 1841 2654 ad

432 2696 541 2726 eos:
571 2702 592 2724 «
612 2683 653 2726 O
669 2681 770 2737 viri,
798 2681 942 2727 nolite
964 2681 1053 2728 hos
1074 2680 1190 2728 deos
1210 2682 1444 2744 invocare,
1469 2699 1568 2729 non
1586 2684 1714 2730 enim
1727 2694 1842 2750 ,sunt

432 2754 497 2801 dii
516 2757 608 2815 isti,
637 2757 720 2802 sed
739 2757 993 2804 daemoneS.
1025 2761 1142 2814 Nam
1169 2759 1206 2804 si
1228 2758 1367 2809 vultis
1391 2758 1451 2805 de
1471 2761 1689 2823 praesenti
1714 2761 1837 2808 inte-

1968 2734 1991 2751 κ
2019 2758 2025 2765 ι
