<?xml version="1.0" encoding="UTF-8"?>
<!DOCTYPE html PUBLIC "-//W3C//DTD XHTML 1.0 Transitional//EN"
    "http://www.w3.org/TR/xhtml1/DTD/xhtml1-transitional.dtd">
<html xmlns="http://www.w3.org/1999/xhtml" xml:lang="en" lang="en">
 <head>
  <title>
</title>
<meta http-equiv="Content-Type" content="text/html;charset=utf-8" />
  <meta name='ocr-system' content='tesseract 3.04.00' />
  <meta name='ocr-capabilities' content='ocr_page ocr_carea ocr_par ocr_line ocrx_word'/>
</head>
<body>
  <div class='ocr_page' id='page_1' title='image "./leslivresdesmira03greguoft_0422.png"; bbox 0 0 2054 3450; ppageno 0'>
   <div class='ocr_carea' id='block_1_1' title="bbox 419 303 1504 361">
    <p class='ocr_par' dir='ltr' id='par_1_1' title="bbox 419 303 1504 361">
     <span class='ocr_line' id='line_1_1' title="bbox 419 303 1504 361; baseline -0.007 0"><span class='ocrx_word' id='word_1_1' title='bbox 419 324 493 361; x_wconf 73' lang='lat'>406</span> <span class='ocrx_word' id='word_1_2' title='bbox 720 303 1023 357; x_wconf 49' lang='lat' dir='ltr'><strong>“FRAGMENTS</strong></span> <span class='ocrx_word' id='word_1_3' title='bbox 1049 318 1121 355; x_wconf 86' lang='lat' dir='ltr'>DU</span> <span class='ocrx_word' id='word_1_4' title='bbox 1151 316 1504 354; x_wconf 77' lang='lat' dir='ltr'>COMMENTAmE</span> 
     </span>
    </p>
   </div>
   <div class='ocr_carea' id='block_1_2' title="bbox 415 402 1829 1926">
    <p class='ocr_par' dir='ltr' id='par_1_2' title="bbox 416 402 1821 532">
     <span class='ocr_line' id='line_1_2' title="bbox 482 402 1821 470; baseline -0.004 -16"><span class='ocrx_word' id='word_1_5' title='bbox 482 410 687 454; x_wconf 86' lang='lat' dir='ltr'><strong>XXXIV.</strong></span> <span class='ocrx_word' id='word_1_6' title='bbox 725 407 867 464; x_wconf 90' lang='lat' dir='ltr'>Quod</span> <span class='ocrx_word' id='word_1_7' title='bbox 902 404 1001 470; x_wconf 90' lang='lat' dir='ltr'>ipse</span> <span class='ocrx_word' id='word_1_8' title='bbox 1032 421 1120 451; x_wconf 89' lang='lat' dir='ltr'>nos</span> <span class='ocrx_word' id='word_1_9' title='bbox 1151 402 1435 468; x_wconf 83' lang='lat' dir='ltr'><strong>spiritalibus</strong></span> <span class='ocrx_word' id='word_1_10' title='bbox 1467 403 1609 450; x_wconf 85' lang='lat' dir='ltr'>armis</span> <span class='ocrx_word' id='word_1_11' title='bbox 1639 404 1821 451; x_wconf 86' lang='lat' dir='ltr'>muniat</span> 
     </span>
     <span class='ocr_line' id='line_1_3' title="bbox 416 482 732 532; baseline -0.006 0"><span class='ocrx_word' id='word_1_12' title='bbox 416 501 470 532; x_wconf 91' lang='lat' dir='ltr'>ac</span> <span class='ocrx_word' id='word_1_13' title='bbox 494 482 732 531; x_wconf 89' lang='lat' dir='ltr'>defendat.</span> 
     </span>
    </p>

    <p class='ocr_par' dir='ltr' id='par_1_3' title="bbox 417 555 1819 685">
     <span class='ocr_line' id='line_1_4' title="bbox 481 555 1819 624; baseline -0.004 -16"><span class='ocrx_word' id='word_1_14' title='bbox 481 563 667 608; x_wconf 90' lang='lat' dir='ltr'><strong>XXXV.</strong></span> <span class='ocrx_word' id='word_1_15' title='bbox 703 559 846 618; x_wconf 89' lang='lat' dir='ltr'>Quod</span> <span class='ocrx_word' id='word_1_16' title='bbox 885 560 983 624; x_wconf 90' lang='lat' dir='ltr'>ipse</span> <span class='ocrx_word' id='word_1_17' title='bbox 1021 557 1127 604; x_wconf 90' lang='lat' dir='ltr'>fons</span> <span class='ocrx_word' id='word_1_18' title='bbox 1163 556 1266 603; x_wconf 85' lang='lat' dir='ltr'>vitae</span> <span class='ocrx_word' id='word_1_19' title='bbox 1306 556 1362 602; x_wconf 94' lang='lat' dir='ltr'>sit</span> <span class='ocrx_word' id='word_1_20' title='bbox 1398 565 1446 602; x_wconf 87' lang='lat' dir='ltr'>et</span> <span class='ocrx_word' id='word_1_21' title='bbox 1485 555 1645 603; x_wconf 88' lang='lat' dir='ltr'>lumen</span> <span class='ocrx_word' id='word_1_22' title='bbox 1689 565 1819 604; x_wconf 86' lang='lat' dir='ltr'>aeter-</span> 
     </span>
     <span class='ocr_line' id='line_1_5' title="bbox 417 654 550 685; baseline 0.008 -1"><span class='ocrx_word' id='word_1_23' title='bbox 417 654 550 685; x_wconf 89' lang='lat' dir='ltr'>num.</span> 
     </span>
    </p>

    <p class='ocr_par' dir='ltr' id='par_1_4' title="bbox 415 709 1825 839">
     <span class='ocr_line' id='line_1_6' title="bbox 478 709 1825 776; baseline -0.004 -15"><span class='ocrx_word' id='word_1_24' title='bbox 478 716 683 761; x_wconf 88' lang='lat' dir='ltr'><strong>XXXVI.</strong></span> <span class='ocrx_word' id='word_1_25' title='bbox 722 712 865 771; x_wconf 88' lang='lat' dir='ltr'>Quod</span> <span class='ocrx_word' id='word_1_26' title='bbox 887 712 987 776; x_wconf 90' lang='lat' dir='ltr'>ipse</span> <span class='ocrx_word' id='word_1_27' title='bbox 1010 710 1067 758; x_wconf 89' lang='lat' dir='ltr'>sit</span> <span class='ocrx_word' id='word_1_28' title='bbox 1085 710 1320 774; x_wconf 88' lang='lat' dir='ltr'>justorum</span> <span class='ocrx_word' id='word_1_29' title='bbox 1343 709 1561 756; x_wconf 88' lang='lat' dir='ltr'>omnium</span> <span class='ocrx_word' id='word_1_30' title='bbox 1586 709 1635 755; x_wconf 90' lang='lat' dir='ltr'>in</span> <span class='ocrx_word' id='word_1_31' title='bbox 1654 725 1704 756; x_wconf 93' lang='lat' dir='ltr'>se</span> <span class='ocrx_word' id='word_1_32' title='bbox 1726 724 1825 774; x_wconf 82' lang='lat' dir='ltr'>spe-</span> 
     </span>
     <span class='ocr_line' id='line_1_7' title="bbox 415 790 784 839; baseline -0.005 0"><span class='ocrx_word' id='word_1_33' title='bbox 415 792 622 839; x_wconf 86' lang='lat' dir='ltr'>rantium</span> <span class='ocrx_word' id='word_1_34' title='bbox 644 790 784 837; x_wconf 91' lang='lat' dir='ltr'>salus.</span> 
     </span>
    </p>

    <p class='ocr_par' dir='ltr' id='par_1_5' title="bbox 415 860 1826 1010">
     <span class='ocr_line' id='line_1_8' title="bbox 478 860 1826 930; baseline -0.005 -15"><span class='ocrx_word' id='word_1_35' title='bbox 478 870 706 915; x_wconf 88' lang='lat' dir='ltr'><strong>XXXVII.</strong></span> <span class='ocrx_word' id='word_1_36' title='bbox 743 865 886 924; x_wconf 91' lang='lat' dir='ltr'>Quod</span> <span class='ocrx_word' id='word_1_37' title='bbox 922 866 1020 930; x_wconf 91' lang='lat' dir='ltr'>ipse</span> <span class='ocrx_word' id='word_1_38' title='bbox 1055 863 1281 929; x_wconf 84' lang='lat' dir='ltr'>temporis</span> <span class='ocrx_word' id='word_1_39' title='bbox 1312 862 1542 927; x_wconf 88' lang='lat' dir='ltr'>passionis</span> <span class='ocrx_word' id='word_1_40' title='bbox 1573 860 1635 909; x_wconf 86' lang='lat' dir='ltr'>ab</span> <span class='ocrx_word' id='word_1_41' title='bbox 1665 862 1826 909; x_wconf 80' lang='lat' dir='ltr'>amicis</span> 
     </span>
     <span class='ocr_line' id='line_1_9' title="bbox 415 942 1016 1010; baseline -0.008 -17"><span class='ocrx_word' id='word_1_42' title='bbox 415 955 461 993; x_wconf 89' lang='lat' dir='ltr'>et</span> <span class='ocrx_word' id='word_1_43' title='bbox 482 944 709 1010; x_wconf 80' lang='lat' dir='ltr'>proximis</span> <span class='ocrx_word' id='word_1_44' title='bbox 732 943 919 990; x_wconf 81' lang='lat' dir='ltr'>relictus</span> <span class='ocrx_word' id='word_1_45' title='bbox 942 942 1016 989; x_wconf 89' lang='lat' dir='ltr'>sit.</span> 
     </span>
    </p>

    <p class='ocr_par' dir='ltr' id='par_1_6' title="bbox 415 1015 1826 1164">
     <span class='ocr_line' id='line_1_10' title="bbox 480 1015 1826 1084; baseline -0.005 -16"><span class='ocrx_word' id='word_1_46' title='bbox 480 1023 728 1068; x_wconf 88' lang='lat' dir='ltr'><strong>XXXVIII.</strong></span> <span class='ocrx_word' id='word_1_47' title='bbox 768 1019 911 1077; x_wconf 90' lang='lat' dir='ltr'>Quod</span> <span class='ocrx_word' id='word_1_48' title='bbox 942 1020 1042 1084; x_wconf 88' lang='lat' dir='ltr'>ipse</span> <span class='ocrx_word' id='word_1_49' title='bbox 1069 1034 1157 1064; x_wconf 92' lang='lat' dir='ltr'>nos</span> <span class='ocrx_word' id='word_1_50' title='bbox 1181 1026 1373 1082; x_wconf 85' lang='lat' dir='ltr'>propter</span> <span class='ocrx_word' id='word_1_51' title='bbox 1395 1015 1694 1080; x_wconf 85' lang='lat' dir='ltr'>iniquitatem</span> <span class='ocrx_word' id='word_1_52' title='bbox 1720 1031 1826 1062; x_wconf 82' lang='lat' dir='ltr'>cor·</span> 
     </span>
     <span class='ocr_line' id='line_1_11' title="bbox 415 1096 878 1164; baseline -0.006 -18"><span class='ocrx_word' id='word_1_53' title='bbox 415 1099 542 1164; x_wconf 86' lang='lat' dir='ltr'>ripit‚</span> <span class='ocrx_word' id='word_1_54' title='bbox 568 1108 619 1144; x_wconf 88' lang='lat' dir='ltr'>ut</span> <span class='ocrx_word' id='word_1_55' title='bbox 642 1096 878 1145; x_wconf 90' lang='lat' dir='ltr'>emendet.</span> 
     </span>
    </p>

    <p class='ocr_par' dir='ltr' id='par_1_7' title="bbox 417 1168 1828 1317">
     <span class='ocr_line' id='line_1_12' title="bbox 481 1168 1828 1236; baseline -0.005 -15"><span class='ocrx_word' id='word_1_56' title='bbox 481 1177 688 1222; x_wconf 91' lang='lat' dir='ltr'><strong>XXXIX.</strong></span> <span class='ocrx_word' id='word_1_57' title='bbox 727 1173 869 1231; x_wconf 91' lang='lat' dir='ltr'>Quod</span> <span class='ocrx_word' id='word_1_58' title='bbox 897 1173 995 1236; x_wconf 85' lang='lat' dir='ltr'>ipse</span> <span class='ocrx_word' id='word_1_59' title='bbox 1018 1171 1066 1218; x_wconf 91' lang='lat' dir='ltr'>in</span> <span class='ocrx_word' id='word_1_60' title='bbox 1091 1170 1243 1236; x_wconf 90' lang='lat' dir='ltr'>capite</span> <span class='ocrx_word' id='word_1_61' title='bbox 1263 1169 1546 1216; x_wconf 86' lang='lat' dir='ltr'>Testamenti</span> <span class='ocrx_word' id='word_1_62' title='bbox 1564 1168 1747 1217; x_wconf 85' lang='lat' dir='ltr'>Veteris</span> <span class='ocrx_word' id='word_1_63' title='bbox 1769 1168 1828 1215; x_wconf 90' lang='lat' dir='ltr'>sit</span> 
     </span>
     <span class='ocr_line' id='line_1_13' title="bbox 417 1253 634 1317; baseline 0 -19"><span class='ocrx_word' id='word_1_64' title='bbox 417 1253 634 1317; x_wconf 82' lang='lat' dir='ltr'>scriptus.</span> 
     </span>
    </p>

    <p class='ocr_par' dir='ltr' id='par_1_8' title="bbox 418 1319 1828 1468">
     <span class='ocr_line' id='line_1_14' title="bbox 481 1319 1828 1390; baseline -0.005 -16"><span class='ocrx_word' id='word_1_65' title='bbox 481 1331 576 1374; x_wconf 90' lang='lat' dir='ltr'><strong>XL.</strong></span> <span class='ocrx_word' id='word_1_66' title='bbox 616 1325 757 1385; x_wconf 92' lang='lat' dir='ltr'>Quod</span> <span class='ocrx_word' id='word_1_67' title='bbox 787 1326 886 1390; x_wconf 89' lang='lat' dir='ltr'>ipse</span> <span class='ocrx_word' id='word_1_68' title='bbox 910 1340 998 1389; x_wconf 85' lang='lat' dir='ltr'>pro</span> <span class='ocrx_word' id='word_1_69' title='bbox 1027 1322 1166 1370; x_wconf 89' lang='lat' dir='ltr'>nobis</span> <span class='ocrx_word' id='word_1_70' title='bbox 1193 1337 1379 1387; x_wconf 88' lang='lat' dir='ltr'>aegenus</span> <span class='ocrx_word' id='word_1_71' title='bbox 1408 1330 1455 1367; x_wconf 89' lang='lat' dir='ltr'>et</span> <span class='ocrx_word' id='word_1_72' title='bbox 1475 1336 1655 1385; x_wconf 84' lang='lat' dir='ltr'>pauper</span> <span class='ocrx_word' id='word_1_73' title='bbox 1679 1319 1828 1367; x_wconf 89' lang='lat' dir='ltr'>factus</span> 
     </span>
     <span class='ocr_line' id='line_1_15' title="bbox 418 1403 857 1468; baseline -0.007 -16"><span class='ocrx_word' id='word_1_74' title='bbox 418 1403 747 1468; x_wconf 85' lang='lat' dir='ltr'>intelligendus</span> <span class='ocrx_word' id='word_1_75' title='bbox 770 1412 857 1450; x_wconf 90' lang='lat' dir='ltr'>est.</span> 
     </span>
    </p>

    <p class='ocr_par' dir='ltr' id='par_1_9' title="bbox 421 1473 1829 1622">
     <span class='ocr_line' id='line_1_16' title="bbox 483 1473 1829 1544; baseline -0.007 -15"><span class='ocrx_word' id='word_1_76' title='bbox 483 1486 599 1529; x_wconf 86' lang='lat' dir='ltr'><strong>XLI.</strong></span> <span class='ocrx_word' id='word_1_77' title='bbox 637 1480 781 1539; x_wconf 89' lang='lat' dir='ltr'>Quod</span> <span class='ocrx_word' id='word_1_78' title='bbox 812 1480 911 1544; x_wconf 92' lang='lat' dir='ltr'>ipse</span> <span class='ocrx_word' id='word_1_79' title='bbox 941 1478 1063 1524; x_wconf 85' lang='lat' dir='ltr'>sitim</span> <span class='ocrx_word' id='word_1_80' title='bbox 1096 1486 1308 1524; x_wconf 85' lang='lat' dir='ltr'>nostram</span> <span class='ocrx_word' id='word_1_81' title='bbox 1334 1473 1556 1539; x_wconf 87' lang='lat' dir='ltr'>baptismi</span> <span class='ocrx_word' id='word_1_82' title='bbox 1584 1473 1829 1521; x_wconf 89' lang='lat' dir='ltr'>ablutione</span> 
     </span>
     <span class='ocr_line' id='line_1_17' title="bbox 421 1560 693 1622; baseline -0.007 -15"><span class='ocrx_word' id='word_1_83' title='bbox 421 1560 693 1622; x_wconf 78' lang='lat' dir='ltr'>restinguat.</span> 
     </span>
    </p>

    <p class='ocr_par' dir='ltr' id='par_1_10' title="bbox 483 1627 1824 1696">
     <span class='ocr_line' id='line_1_18' title="bbox 483 1627 1824 1696; baseline -0.005 -14"><span class='ocrx_word' id='word_1_84' title='bbox 483 1638 619 1682; x_wconf 87' lang='lat' dir='ltr'><strong>XLII.</strong></span> <span class='ocrx_word' id='word_1_85' title='bbox 658 1631 801 1692; x_wconf 91' lang='lat' dir='ltr'>Quod</span> <span class='ocrx_word' id='word_1_86' title='bbox 827 1631 926 1696; x_wconf 90' lang='lat' dir='ltr'>ipse</span> <span class='ocrx_word' id='word_1_87' title='bbox 951 1630 1010 1676; x_wconf 88' lang='lat' dir='ltr'>sit</span> <span class='ocrx_word' id='word_1_88' title='bbox 1030 1629 1111 1677; x_wconf 87' lang='lat' dir='ltr'>lux</span> <span class='ocrx_word' id='word_1_89' title='bbox 1130 1628 1315 1687; x_wconf 89' lang='lat' dir='ltr'>mundi,</span> <span class='ocrx_word' id='word_1_90' title='bbox 1339 1627 1432 1686; x_wconf 88' lang='lat' dir='ltr'>via,</span> <span class='ocrx_word' id='word_1_91' title='bbox 1454 1627 1624 1675; x_wconf 81' lang='lat' dir='ltr'>veritas</span> <span class='ocrx_word' id='word_1_92' title='bbox 1645 1637 1691 1674; x_wconf 87' lang='lat' dir='ltr'>et</span> <span class='ocrx_word' id='word_1_93' title='bbox 1714 1627 1824 1675; x_wconf 89' lang='lat' dir='ltr'>vita.</span> 
     </span>
    </p>

    <p class='ocr_par' dir='ltr' id='par_1_11' title="bbox 418 1703 1829 1837">
     <span class='ocr_line' id='line_1_19' title="bbox 484 1703 1829 1773; baseline -0.007 -14"><span class='ocrx_word' id='word_1_94' title='bbox 484 1715 643 1759; x_wconf 91' lang='lat' dir='ltr'><strong>XLIII.</strong></span> <span class='ocrx_word' id='word_1_95' title='bbox 679 1708 823 1768; x_wconf 90' lang='lat' dir='ltr'>Quod</span> <span class='ocrx_word' id='word_1_96' title='bbox 858 1708 1004 1773; x_wconf 87' lang='lat' dir='ltr'>ipsius</span> <span class='ocrx_word' id='word_1_97' title='bbox 1033 1706 1204 1753; x_wconf 86' lang='lat' dir='ltr'>virtute</span> <span class='ocrx_word' id='word_1_98' title='bbox 1233 1715 1279 1752; x_wconf 92' lang='lat' dir='ltr'>et</span> <span class='ocrx_word' id='word_1_99' title='bbox 1311 1721 1411 1752; x_wconf 90' lang='lat' dir='ltr'>non</span> <span class='ocrx_word' id='word_1_100' title='bbox 1439 1715 1604 1751; x_wconf 85' lang='lat' dir='ltr'>nostro</span> <span class='ocrx_word' id='word_1_101' title='bbox 1634 1703 1829 1752; x_wconf 85' lang='lat' dir='ltr'>brachio</span> 
     </span>
     <span class='ocr_line' id='line_1_20' title="bbox 418 1786 801 1837; baseline -0.013 0"><span class='ocrx_word' id='word_1_102' title='bbox 418 1806 580 1837; x_wconf 88' lang='lat' dir='ltr'>sumus</span> <span class='ocrx_word' id='word_1_103' title='bbox 603 1786 801 1834; x_wconf 85' lang='lat' dir='ltr'>liberati.</span> 
     </span>
    </p>

    <p class='ocr_par' dir='ltr' id='par_1_12' title="bbox 482 1856 1827 1926">
     <span class='ocr_line' id='line_1_21' title="bbox 482 1856 1827 1926; baseline -0.007 -14"><span class='ocrx_word' id='word_1_104' title='bbox 482 1867 639 1912; x_wconf 88' lang='lat' dir='ltr'><strong>XLIV.</strong></span> <span class='ocrx_word' id='word_1_105' title='bbox 677 1862 820 1921; x_wconf 90' lang='lat' dir='ltr'>Quod</span> <span class='ocrx_word' id='word_1_106' title='bbox 851 1863 950 1926; x_wconf 92' lang='lat' dir='ltr'>ipse</span> <span class='ocrx_word' id='word_1_107' title='bbox 982 1860 1221 1925; x_wconf 89' lang='lat' dir='ltr'>speciosus</span> <span class='ocrx_word' id='word_1_108' title='bbox 1247 1858 1398 1905; x_wconf 82' lang='lat' dir='ltr'>forma</span> <span class='ocrx_word' id='word_1_109' title='bbox 1429 1874 1512 1923; x_wconf 83' lang='lat' dir='ltr'>pre</span> <span class='ocrx_word' id='word_1_110' title='bbox 1537 1856 1642 1904; x_wconf 86' lang='lat' dir='ltr'>filiis</span> <span class='ocrx_word' id='word_1_111' title='bbox 1671 1856 1827 1904; x_wconf 91' lang='lat' dir='ltr'>homi-</span> 
     </span>
    </p>
   </div>
   <div class='ocr_carea' id='block_1_3' title="bbox 419 1933 1913 2005">
    <p class='ocr_par' dir='ltr' id='par_1_13' title="bbox 419 1933 1913 2005">
     <span class='ocr_line' id='line_1_22' title="bbox 419 1933 1913 2005; baseline -0.006 -16"><span class='ocrx_word' id='word_1_112' title='bbox 419 1959 535 1989; x_wconf 92' lang='lat' dir='ltr'>num</span> <span class='ocrx_word' id='word_1_113' title='bbox 557 1958 585 1989; x_wconf 89' lang='lat' dir='ltr'>a</span> <span class='ocrx_word' id='word_1_114' title='bbox 607 1944 710 1988; x_wconf 93' lang='lat' dir='ltr'>Deo</span> <span class='ocrx_word' id='word_1_115' title='bbox 740 1950 872 2005; x_wconf 84' lang='lat' dir='ltr'>patre</span> <span class='ocrx_word' id='word_1_116' title='bbox 898 1938 1203 2002; x_wconf 89' lang='lat' dir='ltr'>conjunctam</span> <span class='ocrx_word' id='word_1_117' title='bbox 1232 1934 1476 1982; x_wconf 88' lang='lat' dir='ltr'>ecclesiam</span> <span class='ocrx_word' id='word_1_118' title='bbox 1506 1933 1754 1981; x_wconf 89' lang='lat' dir='ltr'>benedicat</span> <span class='ocrx_word' id='word_1_119' title='bbox 1783 1942 1831 1981; x_wconf 91' lang='lat' dir='ltr'>et</span> <span class='ocrx_word' id='word_1_120' title='bbox 1904 1965 1913 1971; x_wconf 37' lang='grc' dir='ltr'><em>ν</em></span> 
     </span>
    </p>
   </div>
   <div class='ocr_carea' id='block_1_4' title="bbox 419 2029 1829 2156">
    <p class='ocr_par' dir='ltr' id='par_1_14' title="bbox 419 2029 1829 2156">
     <span class='ocr_line' id='line_1_23' title="bbox 419 2029 581 2065; baseline 0 0"><span class='ocrx_word' id='word_1_121' title='bbox 419 2036 482 2065; x_wconf 89' lang='lat' dir='ltr'>un</span> <span class='ocrx_word' id='word_1_122' title='bbox 517 2029 581 2065; x_wconf 89' lang='lat' dir='ltr'>at.</span> 
     </span>
     <span class='ocr_line' id='line_1_24' title="bbox 482 2037 1829 2156; baseline -0.007 -14"><span class='ocrx_word' id='word_1_123' title='bbox 482 2037 617 2142; x_wconf 63' lang='lat' dir='ltr'><strong>XLV.</strong></span> <span class='ocrx_word' id='word_1_124' title='bbox 656 2093 798 2151; x_wconf 91' lang='lat' dir='ltr'>Quod</span> <span class='ocrx_word' id='word_1_125' title='bbox 830 2093 929 2156; x_wconf 91' lang='lat' dir='ltr'>ipse</span> <span class='ocrx_word' id='word_1_126' title='bbox 962 2091 1157 2156; x_wconf 82' lang='lat' dir='ltr'>spiritali</span> <span class='ocrx_word' id='word_1_127' title='bbox 1193 2090 1388 2136; x_wconf 91' lang='lat' dir='ltr'>flumine</span> <span class='ocrx_word' id='word_1_128' title='bbox 1426 2086 1628 2135; x_wconf 87' lang='lat' dir='ltr'>laetificat</span> <span class='ocrx_word' id='word_1_129' title='bbox 1661 2087 1829 2134; x_wconf 82' lang='lat' dir='ltr'>animae</span> 
     </span>
    </p>
   </div>
   <div class='ocr_carea' id='block_1_5' title="bbox 418 2171 1829 2849">
    <p class='ocr_par' dir='ltr' id='par_1_15' title="bbox 418 2171 674 2218">
     <span class='ocr_line' id='line_1_25' title="bbox 418 2171 674 2218; baseline -0.004 0"><span class='ocrx_word' id='word_1_130' title='bbox 418 2171 674 2218; x_wconf 83' lang='lat' dir='ltr'>civitatem.</span> 
     </span>
    </p>

    <p class='ocr_par' dir='ltr' id='par_1_16' title="bbox 420 2239 1829 2388">
     <span class='ocr_line' id='line_1_26' title="bbox 483 2239 1829 2309; baseline -0.007 -15"><span class='ocrx_word' id='word_1_131' title='bbox 483 2248 638 2294; x_wconf 90' lang='lat' dir='ltr'><strong>XLVI.</strong></span> <span class='ocrx_word' id='word_1_132' title='bbox 676 2244 819 2303; x_wconf 91' lang='lat' dir='ltr'>Quod</span> <span class='ocrx_word' id='word_1_133' title='bbox 847 2244 946 2309; x_wconf 91' lang='lat' dir='ltr'>ipse</span> <span class='ocrx_word' id='word_1_134' title='bbox 977 2243 1188 2290; x_wconf 86' lang='lat' dir='ltr'>obtensis</span> <span class='ocrx_word' id='word_1_135' title='bbox 1215 2240 1434 2306; x_wconf 85' lang='lat' dir='ltr'>gentibus</span> <span class='ocrx_word' id='word_1_136' title='bbox 1465 2240 1514 2286; x_wconf 90' lang='lat' dir='ltr'>in</span> <span class='ocrx_word' id='word_1_137' title='bbox 1544 2239 1829 2303; x_wconf 66' lang='lat' dir='ltr'>sempitetna</span> 
     </span>
     <span class='ocr_line' id='line_1_27' title="bbox 420 2322 873 2388; baseline -0.009 -17"><span class='ocrx_word' id='word_1_138' title='bbox 420 2324 568 2388; x_wconf 87' lang='lat' dir='ltr'>gloria</span> <span class='ocrx_word' id='word_1_139' title='bbox 588 2324 778 2370; x_wconf 89' lang='lat' dir='ltr'>locutus</span> <span class='ocrx_word' id='word_1_140' title='bbox 800 2322 873 2368; x_wconf 86' lang='lat' dir='ltr'>sit.</span> 
     </span>
    </p>

    <p class='ocr_par' dir='ltr' id='par_1_17' title="bbox 421 2393 1828 2541">
     <span class='ocr_line' id='line_1_28' title="bbox 485 2393 1828 2462; baseline -0.004 -17"><span class='ocrx_word' id='word_1_141' title='bbox 485 2402 666 2447; x_wconf 90' lang='lat' dir='ltr'><strong>XLVII.</strong></span> <span class='ocrx_word' id='word_1_142' title='bbox 706 2397 848 2456; x_wconf 90' lang='lat' dir='ltr'>Quod</span> <span class='ocrx_word' id='word_1_143' title='bbox 881 2398 980 2462; x_wconf 88' lang='lat' dir='ltr'>ipse</span> <span class='ocrx_word' id='word_1_144' title='bbox 1010 2395 1245 2444; x_wconf 84' lang='lat' dir='ltr'>Dominus</span> <span class='ocrx_word' id='word_1_145' title='bbox 1278 2410 1475 2458; x_wconf 87' lang='lat' dir='ltr'>magnus</span> <span class='ocrx_word' id='word_1_146' title='bbox 1507 2403 1635 2458; x_wconf 83' lang='lat' dir='ltr'>regat</span> <span class='ocrx_word' id='word_1_147' title='bbox 1663 2409 1752 2440; x_wconf 93' lang='lat' dir='ltr'>nos</span> <span class='ocrx_word' id='word_1_148' title='bbox 1779 2393 1828 2440; x_wconf 90' lang='lat' dir='ltr'>in</span> 
     </span>
     <span class='ocr_line' id='line_1_29' title="bbox 421 2476 898 2541; baseline -0.01 -15"><span class='ocrx_word' id='word_1_149' title='bbox 421 2478 576 2526; x_wconf 89' lang='lat' dir='ltr'>secula</span> <span class='ocrx_word' id='word_1_150' title='bbox 598 2476 898 2541; x_wconf 84' lang='lat' dir='ltr'>sempiterna.</span> 
     </span>
    </p>

    <p class='ocr_par' dir='ltr' id='par_1_18' title="bbox 423 2547 1826 2696">
     <span class='ocr_line' id='line_1_30' title="bbox 486 2547 1826 2616; baseline -0.007 -15"><span class='ocrx_word' id='word_1_151' title='bbox 486 2556 685 2601; x_wconf 87' lang='lat' dir='ltr'><strong>XLVIII.</strong></span> <span class='ocrx_word' id='word_1_152' title='bbox 725 2552 867 2610; x_wconf 90' lang='lat' dir='ltr'>Quod</span> <span class='ocrx_word' id='word_1_153' title='bbox 898 2553 998 2616; x_wconf 91' lang='lat' dir='ltr'>ipse</span> <span class='ocrx_word' id='word_1_154' title='bbox 1034 2551 1091 2598; x_wconf 90' lang='lat' dir='ltr'>sit</span> <span class='ocrx_word' id='word_1_155' title='bbox 1129 2548 1356 2615; x_wconf 87' lang='lat' dir='ltr'>sapientia</span> <span class='ocrx_word' id='word_1_156' title='bbox 1395 2547 1538 2614; x_wconf 76' lang='lat' dir='ltr'>patris</span> <span class='ocrx_word' id='word_1_157' title='bbox 1574 2563 1678 2611; x_wconf 90' lang='lat' dir='ltr'>quae</span> <span class='ocrx_word' id='word_1_158' title='bbox 1713 2563 1826 2611; x_wconf 80' lang='lat' dir='ltr'>pro-</span> 
     </span>
     <span class='ocr_line' id='line_1_31' title="bbox 423 2631 846 2696; baseline -0.007 -18"><span class='ocrx_word' id='word_1_159' title='bbox 423 2632 573 2696; x_wconf 86' lang='lat' dir='ltr'>phetae</span> <span class='ocrx_word' id='word_1_160' title='bbox 607 2631 846 2677; x_wconf 86' lang='lat' dir='ltr'>locuntur.</span> 
     </span>
    </p>

    <p class='ocr_par' dir='ltr' id='par_1_19' title="bbox 423 2699 1828 2849">
     <span class='ocr_line' id='line_1_32' title="bbox 487 2699 1828 2770; baseline -0.007 -15"><span class='ocrx_word' id='word_1_161' title='bbox 487 2711 643 2754; x_wconf 88' lang='lat' dir='ltr'><strong>XLIX.</strong></span> <span class='ocrx_word' id='word_1_162' title='bbox 683 2706 825 2764; x_wconf 88' lang='lat' dir='ltr'>Quod</span> <span class='ocrx_word' id='word_1_163' title='bbox 849 2706 948 2770; x_wconf 90' lang='lat' dir='ltr'>ipse</span> <span class='ocrx_word' id='word_1_164' title='bbox 970 2707 1178 2751; x_wconf 79' lang='lat' dir='ltr'>Deorum</span> <span class='ocrx_word' id='word_1_165' title='bbox 1201 2706 1326 2750; x_wconf 88' lang='lat' dir='ltr'>Deus</span> <span class='ocrx_word' id='word_1_166' title='bbox 1349 2701 1583 2749; x_wconf 75' lang='lat' dir='ltr'>discernat</span> <span class='ocrx_word' id='word_1_167' title='bbox 1608 2700 1745 2763; x_wconf 81' lang='lat' dir='ltr'>justis</span> <span class='ocrx_word' id='word_1_168' title='bbox 1767 2699 1828 2747; x_wconf 87' lang='lat' dir='ltr'>ab</span> 
     </span>
     <span class='ocr_line' id='line_1_33' title="bbox 423 2801 593 2849; baseline -0.012 -17"><span class='ocrx_word' id='word_1_169' title='bbox 423 2801 593 2849; x_wconf 78' lang='lat' dir='ltr'>lmpus.</span> 
     </span>
    </p>
   </div>
  </div>
 </body>
</html>
