2054 3450
390 384 436 420 34
753 381 819 415 DE
847 379 1032 420 GLORIA
1060 378 1428 425 CONFESSORUM.

926 535 1081 570 CAPUT
1106 534 1255 570 LXVII.

754 638 806 670 De
821 636 924 683 Lupo
941 635 1224 670 Tricassinorum
1244 634 1424 681 episcopo.

451 760 637 822 Lupum
667 757 921 804 antistitem
962 756 1090 820 apud
1123 754 1493 801 Tricassinorum
1527 747 1802 816 Campaniae‘

388 835 553 882 urbem
577 832 830 898 sepultum,
857 833 974 879 nulli
996 832 1197 879 habetur
1224 830 1515 892 incognitum
1541 846 1551 874 ε
1580 827 1642 874 ad
1662 827 1795 890 cujus

390 912 626 958 basilicam
644 911 811 957 Mauri¹
826 909 1069 972 cujusdam
1083 925 1259 968 servus,
1280 906 1560 970 negligentia
1574 904 1792 963 admissa,

388 988 621 1051 confugit3
658 987 877 1033 frendens
919 1002 1031 1032 vero
1075 985 1297 1032 dominus
1340 985 1458 1047 ejus,
1503 983 1563 1029 de
1603 981 1796 1046 vestigio

389 1075 680 1130 prosecutus,
706 1065 937 1127 ingressus
958 1063 1215 1121 basilicam,
1244 1078 1331 1108 nec
1355 1061 1571 1107 oratione
1595 1069 1798 1124 prostra-

391 1153 480 1199 tus,
495 1141 812 1206 blasphemias
828 1141 875 1186 in
894 1151 1107 1186 sanctum
1123 1155 1342 1185 evomere
1359 1137 1517 1202 coepit,
1537 1152 1592 1183 ac
1612 1135 1792 1183 dicere:

396 1239 417 1260 «
439 1221 509 1265 En
534 1229 607 1277 tu,
643 1220 788 1282 Lupe,
819 1233 1004 1264 servum
1039 1233 1197 1262 meum
1227 1215 1436 1275 auferes,
1467 1222 1513 1261 et
1533 1223 1726 1278 propter
1752 1222 1799 1259 te

392 1311 489 1341 non
514 1294 672 1341 licebit
690 1293 806 1340 mihi
828 1294 876 1339 in
897 1309 1005 1339 eum
1031 1293 1259 1338 ultionem
1284 1291 1491 1338 debitam
1515 1288 1793 1337 exercereP»

391 1374 449 1417 Et
468 1371 637 1434 injecta
662 1387 805 1416 manu
829 1386 1015 1416 servum
1035 1369 1397 1432 traliere'coepit‚
1426 1367 1587 1414 dicens
1614 1385 1624 1411 :
1655 1385 1676 1408 «
1694 1367 1797 1411 Non

392 1449 544 1494 mittet
572 1448 717 1494 bodie
738 1447 816 1493 hic
840 1449 998 1511 Lupus
1025 1463 1218 1493 manum
1242 1463 1376 1493 suam
1405 1446 1465 1492 de
1486 1445 1720 1509 sepulcro,
1749 1452 1802 1489 ut

393 1535 525 1572 eruat
552 1535 595 1572 te
617 1525 677 1571 de
701 1524 918 1571 manibus
947 1524 1078 1570 meiS.
1103 1542 1125 1567 υ
1152 1527 1259 1570 Haec
1294 1523 1479 1569 dicente
1501 1523 1691 1581 misero,
1718 1537 1799 1567 ex-

395 1602 570 1666 templo
603 1602 760 1664 lingua
794 1618 897 1664 quae
933 1602 979 1646 in
1008 1611 1223 1646 sanctum
1258 1599 1572 1664 blasphemias
1604 1596 1799 1656 effudit,

394 1679 618 1724 divinitus
637 1677 873 1740 obligatur
901 1695 911 1722 ε
940 1686 1081 1740 atque
1111 1686 1318 1722 mutatus
1337 1676 1488 1722 homo
1511 1673 1802 1721 debacchare

393 1756 534 1819 coepit
556 1771 641 1819 per
662 1764 811 1800 totam
834 1753 1002 1811 aedem,
1039 1753 1156 1799 dans
1186 1753 1414 1816 mugitum
1441 1762 1490 1798 ut
1521 1768 1681 1816 pecus,
1706 1766 1802 1797 ser·

394 1849 586 1879 monem
623 1842 674 1878 ut
710 1831 859 1877 homo
896 1847 992 1877 non
1032 1830 1291 1894 proferens.
1328 1831 1542 1892 Cumque
1576 1828 1677 1874 haec
1708 1827 1804 1874 suis

394 1909 606 1955 nuntiata
639 1909 847 1971 fuissent,
877 1906 1225 1971 apprehensum
1249 1905 1485 1951 duxerunt
1513 1904 1574 1951 ad
1604 1903 1803 1951 domum

393 2001 546 2031 suam.
571 1987 699 2030 Uxor
720 1999 835 2030 vero
857 1983 957 2045 ejus
983 1981 1126 2028 multa
1156 1997 1353 2027 munera
1374 1981 1424 2027 in
1447 1980 1687 2028 basilicam
1712 1997 1804 2046 po-

397 2062 509 2121 suit3
538 2061 620 2108 sed
644 2061 726 2108 hic
750 2061 885 2107 tertia
906 2059 982 2106 die
1000 2076 1108 2105 cum
1136 2059 1265 2121 gravi
1290 2059 1500 2105 cruciatu
1525 2058 1672 2104 vitam
1694 2057 1802 2104 fmi-

397 2140 479 2186 vit.
499 2141 607 2196 Quo
630 2138 871 2191 defuncto,
895 2136 1065 2184 mulier
1079 2151 1183 2200 quae
1202 2134 1397 2182 dederat
1415 2135 1618 2199 recepit;
1645 2150 1806 2182 servus

394 2225 554 2262 tamen
579 2214 835 2279 permansit
858 2214 1105 2277 ingenuus.

929 2382 1085 2416 CAPUT
1107 2381 1276 2416 LXVIII.

838 2485 892 2518 De
908 2484 1083 2519 Aventino
1098 2483 1260 2517 ministro
1277 2482 1366 2529 ejus.

463 2604 584 2649 Huic
617 2603 807 2650 antistiti
835 2601 1148 2649 famulabatur
1178 2601 1434 2648 Aventinus
1469 2598 1662 2663 quidam
1698 2598 1804 2646 reli-

401 2680 573 2743 giosus,
596 2679 657 2726 ad
676 2696 819 2743 quem
842 2689 950 2743 post
967 2678 1108 2742 hujus
1126 2678 1310 2725 obitum
1333 2677 1504 2741 captivi
1524 2676 1675 2724 fecere
1693 2692 1806 2723 con-

453 2853 507 2898 (1)
534 2849 665 2900 Aliqui
680 2862 728 2888 ex
747 2849 856 2888 editis
877 2849 1006 2895 codd.‚
1029 2852 1201 2887 Maurus.
1228 2847 1312 2901 (R.)
