2054 3450
402 347 451 383 60
761 348 828 384 DE
855 349 1040 387 GLORIA
1069 349 1440 387 CONFESSORUM.

399 443 556 480 autem
595 433 732 481 dator
776 436 930 500 campi
975 435 1105 483 hunc
1144 452 1255 482 cum
1295 436 1571 484 muneribus
1609 435 1803 482 venien-

400 520 512 569 tem,
546 510 610 557 ait
635 528 646 557 :
676 531 699 554 κ
713 513 780 558 Ne
811 513 1028 577 accipias,
1069 529 1246 577 quaeso,
1282 523 1441 560 sancte
1468 512 1572 570 Dei,
1605 528 1801 559 munera

398 586 498 649 ejus
542 603 647 650 quae
696 604 941 653 nunquam
990 590 1202 654 accipere
1250 590 1560 649 consuevisti3
1599 606 1660 636 ne
1704 589 1764 636 sis
1787 623 1799 644 ,

400 663 645 728 deprecor,
688 665 876 729 adjutor
908 666 1008 731 ejus
1052 668 1151 730 qui,
1192 666 1515 713 inflammante
1553 666 1801 730 concupis·

399 743 570 799 centia,
592 758 750 789 rerum
765 753 953 790 tuarum
975 760 1181 808 nequam
1202 759 1444 808 possessor
1460 743 1688 790 exsistit.»
1710 745 1804 788 Nec

400 818 578 865 distulit
599 830 787 866 sanctus
808 821 971 868 audire
993 837 1160 867 vocem
1178 821 1396 885 pauperis
1413 820 1501 867 sui.
1523 822 1640 866 Nam
1656 819 1804 866 homo

399 893 492 952 ille,
537 895 642 942 licet
677 896 882 944 dedisset
915 913 1129 957 munera,
1166 897 1351 943 rediens
1387 906 1544 943 tamen
1587 895 1803 956 domum,

399 971 550 1017 emisit
577 973 791 1036 spiritum
808 1010 819 1030 ‚
845 974 1116 1038 recepitque
1140 973 1333 1020 ecclesia
1356 990 1429 1019 res
1452 988 1575 1019 suas.
1603 971 1695 1018 Sed
1719 988 1807 1019 nec

398 1046 512 1094 illud
550 1048 672 1095 sileri
693 1049 869 1113 placuit
893 1049 1024 1113 quod
1056 1049 1136 1096 illo
1158 1060 1339 1113 gestum
1372 1059 1441 1096 est
1460 1058 1675 1113 tempore
1697 1064 1806 1095 cum

397 1123 497 1171 lues
518 1125 779 1187 inguinaria
805 1126 1034 1191 populum
1058 1126 1218 1192 primae
1240 1127 1502 1174 Germaniae
1523 1125 1803 1174 devastaret.

397 1204 516 1248 Cum
554 1212 710 1249 autem
743 1219 909 1250 omnes
945 1213 1226 1250 terrerentur
1259 1203 1401 1266 hujus
1432 1203 1578 1250 cladis
1615 1203 1802 1262 auditu,

396 1279 637 1325 concurrit
667 1280 1002 1327 Rliemensium
1024 1281 1229 1345 populus
1249 1280 1308 1327 ad
1338 1281 1486 1327 sancti
1516 1279 1802 1344 sepulcrum,

397 1370 659 1418 congruum
694 1356 834 1419 hujus
863 1373 1014 1404 causae
1044 1357 1248 1420 flagitare
1284 1357 1563 1403 remedium.
1594 1357 1807 1402 Accensis

396 1433 542 1478 cereis
565 1432 840 1496 lychnisque
863 1450 961 1479 non
985 1435 1160 1498 paucis,
1191 1433 1378 1497 hymnis
1408 1432 1687 1497 psalmisque
1709 1448 1804 1479 coe-

396 1507 590 1555 lestibus
610 1526 694 1574 per
715 1519 861 1558 totam
886 1510 1085 1557 excubat
1108 1520 1315 1557 noctem.
1342 1512 1477 1556 Mane
1499 1518 1657 1555 autem
1682 1508 1805 1555 facto

396 1585 512 1648 quid
536 1585 693 1633 adhuc
716 1587 924 1651 precatui
957 1586 1076 1633 desit
1110 1587 1158 1633 in
1196 1596 1396 1634 tractatu
1424 1586 1641 1645 rimatur3
1669 1602 1805 1650 repe-

398 1662 523 1708 riunt
541 1663 734 1722 etenim,
769 1662 1009 1710 revelante
1050 1666 1169 1717 Deo,
1207 1664 1407 1726 qualiter
1439 1663 1652 1710 oratione
1690 1679 1806 1727 prae·

397 1738 558 1795 missa,
598 1737 756 1785 adhuc
787 1739 957 1802 maj0ri
987 1738 1347 1804 propugnaculo
1383 1738 1511 1785 urbis
1541 1755 1807 1803 propugna-

394 1814 498 1860 cula
554 1815 868 1862 munirentur.
922 1818 1170 1880 Assumpta
1216 1816 1356 1878 igitur
1402 1815 1524 1880 palla
1575 1815 1634 1862 de
1682 1814 1805 1862 beati

394 1890 631 1954 sepulcro,
660 1903 958 1958 componunt
987 1893 1034 1938 in
1071 1893 1269 1939 modum
1301 1893 1477 1950 feretri;
1507 1892 1806 1955 accensisque

395 1984 536 2031 super
556 1985 718 2015 cruces
742 1969 906 2027 cereis,
944 1979 1085 2032 atque
1121 1968 1489 2028 ceroferalibus¹,
1516 1968 1631 2014 dant
1666 1985 1805 2015 voces

395 2045 442 2090 in
479 2046 690 2099 canticiS‚
725 2047 1020 2092 circumeunt
1053 2046 1215 2092 urbem
1258 2062 1368 2092 cum
1406 2046 1533 2092 vicis.
1569 2048 1664 2092 Nec
1691 2062 1805 2110 prae-

395 2130 579 2168 tereunt
613 2123 759 2169 ullum
801 2122 1077 2186 hospitium,
1107 2122 1238 2186 quod
1276 2138 1372 2167 non
1409 2122 1497 2168 hac
1529 2121 1803 2168 circuitione

394 2198 698 2245 concludant.
731 2199 855 2257 Quid
892 2200 1054 2263 plura?
1090 2215 1186 2245 non
1220 2208 1325 2263 post
1352 2198 1525 2245 multos
1556 2198 1654 2245 dies
1689 2197 1805 2246 fines

395 2273 534 2336 hujus
556 2275 754 2321 civitatis
772 2275 872 2321 lues
889 2275 1154 2338 aggreditur
1172 2284 1448 2322 memorata.
1475 2277 1803 2321 Verumtamen

396 2366 542 2414 usque
567 2351 628 2397 ad
650 2368 760 2397 eum
788 2351 946 2397 locum
975 2351 1231 2411 accedens,
1263 2367 1360 2413 quo
1383 2349 1510 2396 beati
1540 2351 1706 2415 pignus
1734 2366 1807 2397 ac-

394 2428 547 2487 cessit,
576 2443 631 2474 ac
654 2429 690 2474 si
714 2429 1021 2474 constitutum
1044 2438 1255 2475 cerneret
1286 2427 1558 2488 terminum,
1584 2427 1710 2473 intro
1738 2428 1807 2474 in-

395 2502 525 2565 gredi
547 2521 645 2550 non
669 2504 816 2550 modo
841 2521 939 2551 non
964 2514 1033 2550 est
1054 2520 1183 2562 ausa,
1209 2503 1292 2550 sed
1317 2504 1457 2550 etiam
1481 2519 1584 2566 quae
1605 2504 1653 2550 in
1678 2504 1805 2568 prin-

394 2580 519 2644 cipio
542 2591 825 2645 pervaserat,
844 2581 984 2645 hujus
1005 2581 1190 2627 virtutis
1209 2580 1398 2644 repulsu
1422 2579 1623 2643 reliquit.

446 2755 502 2801 (1)
528 2754 643 2801 Bell.,
661 2767 871 2795 crucem....
893 2765 1006 2805 atque
1023 2754 1271 2804 ceroferariis.
1290 2756 1418 2800 Rem„
1437 2762 1549 2802 atque
1566 2766 1678 2802 super
1696 2766 1803 2805 cero.-

395 2813 567 2861 ferariis.
590 2812 674 2865 (R.)
