2054 3450
399 379 420 414 3
428 378 477 414 32
916 379 1042 415 VITAE
1069 380 1286 420 PATRUM.

399 464 537 510 datur
563 481 666 528 quae
693 466 794 511 Deo
815 466 947 512 novit
977 482 1076 512 esse
1105 468 1423 532 acceptabilia,
1450 480 1500 516 ut
1523 470 1582 518 ab
1605 472 1707 535 ipso
1731 473 1804 520 vel

398 551 632 588 mereatur
658 542 787 603 erui,
814 542 888 589 vel
916 544 1062 608 possit
1085 544 1254 591 audiri.
1295 548 1401 592 Haec
1427 556 1583 594 autem
1611 548 1672 595 ab
1705 550 1803 612 ejus

397 619 635 681 majestate
661 618 931 682 quaerebant
955 622 1103 667 sancti
1140 622 1395 687 percipere,
1425 634 1669 687 poscentes
1688 626 1804 690 jugi-

396 704 468 740 ter
493 704 544 740 ut
570 695 669 759 ipse
698 696 957 743 insinuaret
988 697 1140 759 cordi,
1169 700 1267 763 ipse
1292 699 1538 763 perficeret
1568 701 1614 746 in
1639 718 1798 766 opere,
1829 709 1834 715 '

395 771 495 836 ipse
528 771 798 835 loqueretur
832 774 879 819 in
929 791 1035 830 ‹›re;
1079 791 1177 838 quo
1222 775 1397 823 facilius
1437 787 1634 842 purgata
1673 794 1805 826 mens

394 850 697 912 cogitatione,
728 852 938 915 eloquio,
961 852 1162 911 actione,
1194 854 1417 917 cogitaret
1444 863 1619 913 sancta,
1645 854 1804 919 loque-

394 935 522 974 retur
540 927 683 991 justa,
714 939 990 993 operaretur
1020 929 1232 977 honesta.
1276 929 1411 977 Unde
1442 931 1614 978 factum
1650 942 1718 979 est
1753 943 1803 980 ut

349 1028 352 1029 ⁷
393 1003 510 1051 dum
529 1005 576 1051 in
601 1005 674 1051 his
701 1022 803 1069 quae
826 1007 1067 1053 Divinitati
1101 1016 1209 1053 suut
1235 1006 1401 1072 placita
1433 1007 1799 1070 famulabantur,

392 1080 662 1128 obtinerent
685 1082 773 1129 sibi
799 1083 972 1130 remitti
1005 1084 1182 1148 peccati
1211 1084 1441 1143 debitum,
1469 1097 1747 1133 eruerentur
1774 1103 1802 1134 a

392 1159 517 1204 coeni
555 1159 789 1207 sordentis
814 1162 1053 1223 contagi0‚
1087 1160 1272 1208 coeleste
1306 1178 1394 1226 pro
1430 1162 1608 1209 meritis
1636 1162 1802 1210 invita—

392 1245 554 1282 rentur
583 1236 643 1282 ad
681 1253 895 1300 regnum.
937 1238 1182 1284 Ponebaut
1213 1239 1353 1284 etiam
1383 1247 1427 1284 et
1467 1255 1799 1302 praecessorum

391 1316 604 1379 exempla
627 1326 734 1362 ante
749 1316 909 1363 oculos
923 1333 1048 1372 suos,
1078 1325 1125 1362 et
1143 1317 1521 1381 omnipotentem
1540 1317 1799 1363 Dominum

392 1407 479 1455 pro
505 1407 672 1438 eorum
699 1392 939 1439 affectibus
964 1392 1315 1452 collaudabant,
1342 1410 1565 1456 quorum,
1602 1403 1655 1439 ut
1684 1393 1800 1439 dixi-

390 1484 519 1528 mus,
558 1469 770 1534 exempla
804 1470 934 1532 sequi
970 1468 1335 1516 meditabantur.
1382 1470 1517 1516 Unde
1551 1478 1596 1516 et
1630 1485 1718 1516 nos
1751 1470 1798 1516 in

390 1546 628 1609 praeconio
661 1546 818 1592 devoti
856 1549 957 1593 Deo
995 1546 1155 1594 famuli
1195 1546 1412 1593 Venautii
1449 1545 1631 1593 abbatis
1670 1546 1800 1593 effari

391 1624 618 1684 nitentes,
647 1625 889 1672 Divinitati
920 1625 1073 1689 potius
1106 1624 1235 1671 dona
1267 1641 1348 1670 sua
1387 1624 1656 1683 referimus,
1697 1640 1801 1689 quae

389 1700 629 1748 dexteram
662 1703 760 1766 ejus
798 1703 1094 1749 manifestum
1125 1712 1190 1748 est
1218 1701 1423 1748 effecisse
1447 1701 1579 1764 quod
1613 1711 1800 1748 sanctos

389 1780 597 1826 constitit
620 1796 854 1844 operasse,
883 1780 1190 1845 deprecantes
1225 1789 1274 1825 ut
1297 1779 1474 1843 aperiat
1506 1795 1559 1825 os
1588 1779 1704 1825 muti
1737 1779 1798 1826 ad

390 1855 675 1921 publicanda
709 1873 852 1922 opera
886 1858 1104 1904 antistitis
1134 1857 1205 1903 sui
1238 1874 1247 1902 :
1284 1857 1395 1920 quia
1431 1856 1551 1902 sicut
1579 1872 1678 1902 esse
1713 1872 1800 1902 nos

388 1934 770 1997 recognoscimus
807 1935 998 1981 scientia
1035 1944 1224 1992 tenues,
1265 1933 1326 1979 ita
1355 1933 1576 1979 novimus
1610 1932 1658 1979 in
1689 1948 1800 1978 con·

388 2011 580 2057 scientia
600 2020 887 2075 peccatores.

454 2089 499 2133 4.
541 2087 679 2150 Igitur
701 2097 889 2134 sanctus
909 2087 1166 2134 Venantius
1193 2086 1380 2149 Biturigi
1405 2085 1625 2132 territorii
1642 2084 1797 2132 incola

389 2164 490 2221 suit,
521 2164 794 2228 parentibus
815 2163 1076 2210 secundum
1101 2162 1255 2210 saeculi
1279 2162 1552 2226 dignitatem
1584 2161 1798 2225 ingenuis

386 2249 527 2304 atque
549 2240 805 2288 catholicis
833 2241 926 2299 Qui
949 2240 1064 2286 dum
1092 2249 1211 2286 esset
1230 2238 1426 2301 juvenili
1446 2247 1578 2285 aetate
1602 2237 1792 2298 florenS,

387 2333 414 2364 a
439 2317 714 2381 parentibus
746 2317 951 2382 sponsali
986 2316 1175 2364 vinculo
1210 2316 1458 2379 obligatur.
1498 2318 1712 2378 Cumque
1746 2323 1798 2361 ut

386 2395 506 2440 aetati
526 2394 637 2441 huic
653 2396 894 2455 convenit,
921 2395 1072 2440 amori
1094 2410 1142 2440 se
1162 2393 1355 2458 puellari
1378 2401 1617 2458 praestaret
1639 2390 1798 2438 affabi-

386 2471 502 2532 lem,
530 2483 575 2518 et
609 2489 717 2518 cum
744 2472 955 2536 poculis¹
983 2471 1306 2534 frequentibus
1327 2470 1466 2517 etiam
1492 2467 1795 2515 calciamenta

384 2548 602 2604 deferret,
626 2549 822 2612 contigit
843 2559 892 2594 ut
910 2548 1077 2595 urbem
1099 2548 1401 2611 Turonicam,
1422 2545 1631 2592 Domino
1653 2545 1796 2608 inspi-

385 2635 535 2685 rante,
562 2627 759 2672 veniret.
790 2629 897 2672 Erat
920 2626 1048 2672 enim
1074 2635 1186 2671 tunc
1208 2622 1434 2688 temporis
1458 2622 1794 2669 monasterium

384 2701 584 2748 basilicae
619 2703 766 2749 sancti
796 2703 983 2748 Martini
1018 2702 1361 2766 propinquum,
1393 2700 1442 2746 in
1472 2715 1569 2762 quo
1591 2696 1793 2762 Silvinus

437 2869 496 2922 (1)
523 2872 636 2907 Forte
648 2873 854 2919 pauculis?
