2054 3450
404 334 453 370 54
762 331 828 366 DE
855 330 1037 366 GLORIA
1070 330 1439 369 CONFESSORUM.

921 500 1079 537 CAPUT
1102 500 1290 536 LXXVII.

828 611 881 645 De
899 610 1086 645 simulacro
1102 609 1343 657 Berecynthia
1351 611 1362 630 ¹
1370 635 1378 644 .

461 737 633 783 Ferunt
658 736 800 782 etiam
822 737 870 782 in
901 735 991 782 hac
1026 734 1142 781 urbe
1168 734 1473 781 simulacrum
1507 735 1645 782 fuisse
1674 739 1805 783 Bere·

397 812 615 875 cynthiae,
649 812 769 858 sicut
799 811 948 858 sancti
977 811 1191 874 martyris
1216 811 1548 875 Symphoriani
1583 811 1811 875 passionis

397 890 603 939 declarat
639 893 849 939 historia.
892 896 1022 939 Hanc
1058 908 1167 939 cum
1204 892 1250 938 in
1284 899 1509 955 carpento
1543 906 1633 954 pro
1662 889 1810 938 salva-

396 968 525 1016 tione
549 986 769 1032 agrorum
791 986 845 1016 ac
868 970 1109 1016 vinearum
1136 984 1327 1015 suarum
1345 968 1515 1014 misero
1539 967 1811 1030 gentilitatis

397 1063 530 1094 more
550 1047 806 1103 deferrent,
828 1047 976 1094 adfuit
1009 1046 1303 1111 supradictus
1335 1044 1601 1110 Simplicius
1626 1045 1812 1108 episco-

398 1131 502 1188 pus,
532 1123 660 1171 haud
688 1125 855 1188 procul
887 1124 1118 1188 aspiciens
1154 1132 1396 1170 cantantes
1424 1132 1565 1186 atque
1593 1123 1812 1170 saltantes

397 1210 506 1246 ante
525 1199 618 1247 hoc
637 1200 938 1247 simulacrum
961 1218 970 1246 :
993 1199 1312 1263 gemitumque
1337 1215 1426 1264 pro
1445 1198 1637 1245 stultitia
1659 1198 1810 1263 plebis

396 1276 455 1322 ad
490 1276 643 1324 Deum
671 1278 906 1336 emittens,
934 1277 1030 1323 ait:
1065 1276 1338 1335 «lllumina,
1372 1291 1549 1339 quaeso,
1586 1275 1806 1333 Domine,

397 1353 561 1399 oculos
582 1353 721 1416 hujus
738 1353 922 1419 populi,
941 1362 991 1400 ut
1010 1362 1263 1416 cognoscat
1279 1353 1388 1416 quia
1408 1352 1710 1398 simulacrum
1727 1354 1809 1398 Be·

397 1430 651 1493 recynthiae
672 1430 792 1477 nihil
814 1439 899 1477 est.
922 1451 944 1473 »
966 1432 1026 1478 Et
1045 1430 1169 1477 facto
1183 1431 1316 1493 signo
1333 1430 1483 1477 crucis
1499 1439 1680 1490 contra,
1701 1445 1811 1494 pro-

397 1507 521 1552 tinus
545 1507 850 1554 simulacrum
886 1508 934 1554 in
971 1516 1143 1554 terram
1178 1508 1270 1553 ruit
1298 1526 1308 1552 :
1337 1522 1392 1553 ac
1413 1505 1565 1553 defixa
1588 1505 1692 1552 solo
1708 1506 1810 1552 ani-

397 1581 535 1630 malia
563 1599 667 1646 quae
702 1582 964 1648 plaustrum
994 1599 1091 1646 quo
1124 1582 1218 1630 hoc
1248 1582 1510 1630 vehebatur
1541 1580 1806 1643 trahebant,

398 1660 577 1706 moveri
609 1675 707 1705 non
741 1668 977 1724 poterant.
1015 1661 1182 1724 Stupet
1208 1658 1375 1722 vulgus
1405 1659 1729 1716 innumerum,
1764 1667 1810 1705 et

396 1735 533 1782 deam
573 1737 728 1783 laesam
761 1737 917 1782 omnis
952 1745 1136 1783 caterva
1166 1735 1430 1782 conclamat
1461 1752 1473 1782 t
1505 1734 1812 1782 immolantur

396 1814 617 1872 victimae3
645 1813 864 1860 animalia
893 1813 1218 1870 verberantur,
1250 1812 1333 1860 sed
1367 1813 1547 1860 moveri
1573 1829 1669 1859 non
1701 1829 1810 1877 pos—

395 1900 520 1937 sunt.
546 1893 679 1937 Tunc
697 1891 1027 1954 quadringenti
1047 1891 1107 1937 de
1126 1890 1202 1937 illa
1228 1891 1367 1938 stulta
1397 1890 1698 1937 multitudine
1724 1891 1809 1937 viri

394 1966 636 2028 conjuncti
662 1967 800 2012 simul
823 1967 954 2013 aiunt
975 1966 1037 2013 ad
1066 1967 1271 2013 invicem
1297 1983 1309 2013 :
1341 1987 1363 2010 <c
1380 1967 1428 2013 Si
1453 1967 1599 2013 virtus
1620 1977 1687 2012 est
1712 1965 1807 2013 ulla

395 2042 594 2098 deitatis,
621 2044 827 2104 erigatur
853 2052 1037 2106 sponte,
1074 2042 1330 2106 jubeatque
1361 2042 1511 2089 boves
1540 2043 1621 2106 qui
1654 2042 1809 2089 telluri

394 2131 503 2166 sunt
527 2120 717 2167 stabiliti
741 2120 1016 2184 procedere.
1036 2124 1170 2167 Certe
1194 2121 1232 2167 si
1258 2120 1437 2167 moveri
1460 2120 1639 2183 nequit,
1665 2120 1808 2167 mani-

397 2197 564 2244 festum
587 2207 657 2246 est
677 2197 792 2244 nihil
816 2214 915 2244 esse
937 2197 1191 2244 divinitatis
1214 2199 1260 2243 in
1285 2214 1356 2244 ea.
1377 2217 1399 2240 n
1424 2199 1555 2244 Tunc
1578 2197 1807 2244 acceden-

397 2284 480 2335 tes,
506 2285 551 2321 et
575 2274 871 2321 immolantes
896 2291 1046 2321 unum
1072 2274 1132 2321 de
1158 2273 1426 2339 pecoribus,
1454 2290 1564 2320 cum
1590 2274 1804 2321 viderent

394 2351 533 2398 deam
559 2369 692 2399 suam
715 2352 982 2398 nullatenus
1004 2367 1142 2415 posse
1165 2351 1362 2407 moveri,
1388 2351 1552 2397 relicto
1573 2350 1806 2413 gentilita-

396 2428 452 2473 tis
474 2445 651 2488 errore,
673 2428 994 2492 inquisitoque
1016 2428 1220 2475 antistite
1234 2427 1344 2486 loci,
1372 2428 1586 2474 conversi
1612 2427 1674 2474 ad
1698 2427 1807 2474 uni-

396 2513 537 2550 tatem
565 2504 793 2564 Ecclesiae,
822 2514 1160 2567 cognoscentes
1189 2504 1275 2550 viri
1310 2505 1395 2551 Dei
1431 2504 1804 2566 magnitudinem

395 2590 558 2627 sancto
582 2591 690 2627 sunt
712 2581 990 2646 baptismate
1006 2581 1285 2628 consecrati.

447 2749 505 2801 (1)
533 2752 771 2788 Bere-cinthia
797 2751 860 2789 hic
881 2759 918 2789 et
945 2724 1045 2790 infra
1068 2753 1193 2799 22043
1219 2751 1457 2788 Berecintlzie
1484 2758 1522 2787 et
1546 2750 1800 2798 Ber-echincie,

393 2809 511 2846 2791.
