2054 3450
403 359 479 394 256
916 359 1045 395 VITAE
1072 359 1290 397 PATRUM.

402 443 557 501 batus,
581 444 759 491 audivit
782 445 880 491 haec
899 462 1003 508 quae
1022 445 1308 508 glorificator
1323 457 1595 494 sanctorum
1615 464 1808 494 suorum

402 523 529 567 Deus
551 520 612 567 ad
634 521 782 568 sancti
802 521 1038 567 tumulum
1061 522 1323 577 exercebat,
1345 522 1556 586 dixitque
1579 525 1674 571 suis
1693 543 1704 570 ε
1724 544 1745 568 «
1763 524 1808 570 Si

402 597 502 660 ejus
527 598 707 645 adirem
735 598 1004 663 sepulcrum
1020 634 1032 657 ,
1062 608 1144 645 aut
1164 598 1341 662 aliquid
1363 598 1423 645 de
1447 600 1619 646 sanctis
1637 601 1810 664 pigno-

402 673 531 721 ribus
553 691 811 730 sumerem,
839 684 920 721 aut
938 684 1064 721 certe
1084 676 1122 721 si
1148 674 1345 739 pallium
1361 711 1372 733 ,
1395 692 1492 739 quo
1515 677 1664 722 sancti
1683 686 1811 723 artus

403 760 624 813 teguntur
647 768 854 798 mererer
876 752 1130 814 attingere,
1167 751 1326 798 fierem
1362 769 1521 799 sanus.
1544 771 1566 795 n
1596 755 1809 816 Cumque

403 828 501 876 haec
522 840 569 877 et
591 830 920 892 hujuscemodi
949 847 1059 876 cum
1089 830 1184 876 suis
1208 829 1353 876 verba
1376 829 1635 889 conferret,
1668 831 1811 884 astitit

402 917 595 971 repente
613 906 810 954 clericus
832 906 1027 970 quidam
1043 943 1055 966 ,
1083 906 1245 953 dicens
1265 924 1275 952 ε
1301 926 1322 948 «
1340 909 1483 964 Bene,
1511 906 1687 969 inquit,
1714 921 1813 952 cre-

402 983 497 1042 dis,
522 983 605 1030 sed
625 984 661 1030 si
680 984 739 1031 de
764 983 932 1030 iisdem
953 982 1141 1030 firmare
1162 993 1366 1030 mentem
1389 983 1523 1047 cupis
1542 981 1808 1042 virtutibus,

402 1076 460 1105 en
491 1060 711 1107 volumen
741 1060 1069 1120 chartaceum,
1101 1059 1230 1124 quod
1260 1060 1320 1106 de
1343 1060 1415 1106 his
1438 1059 1639 1107 habetur
1658 1059 1813 1123 scrip-

403 1146 520 1195 tum,
547 1147 595 1184 ut
618 1137 796 1184 facilius
815 1137 979 1184 credas
1001 1154 1054 1184 ea
1077 1153 1181 1199 quae
1203 1136 1264 1183 ad
1287 1135 1502 1183 auditum
1523 1145 1712 1182 tuarum
1727 1152 1808 1182 au-

403 1215 524 1260 rium
561 1225 895 1279 pervenerunt.
916 1235 937 1257 »
977 1218 1032 1260 At
1063 1214 1139 1260 ille
1168 1215 1443 1277 priusquam
1475 1213 1626 1276 legere
1663 1229 1810 1278 appe-

403 1300 543 1351 teret,
570 1291 828 1355 inspirante
847 1291 1016 1337 divinae
1038 1291 1219 1355 pietatis
1236 1299 1466 1355 respectu,
1494 1290 1558 1337 ait
1582 1307 1592 1335 ε
1619 1288 1810 1336 «Credo

402 1368 513 1432 quia
550 1379 720 1432 potens
756 1379 826 1415 est
868 1371 995 1415 Deus
1042 1369 1227 1432 egregia
1262 1368 1447 1432 operari
1486 1384 1570 1432 per
1610 1367 1812 1415 famulos

402 1461 528 1492 suos.
547 1466 568 1489 »
609 1448 666 1492 Et
696 1446 854 1492 statim
889 1446 1045 1509 posuit
1077 1445 1298 1492 volumen
1325 1461 1466 1508 super
1490 1443 1656 1491 oculos
1678 1460 1806 1491 suos.

406 1523 650 1586 Extemplo
673 1532 853 1580 autem,
883 1523 1041 1586 fugato
1067 1521 1233 1568 dolore
1255 1521 1560 1586 disruptaque
1583 1520 1809 1584 caligine,

405 1615 538 1645 usum
564 1599 755 1646 videndi
779 1600 986 1663 recipere
1011 1599 1181 1646 meruit
1203 1598 1456 1664 voluminis
1479 1615 1507 1646 a
1537 1599 1732 1656 virtute,
1767 1607 1814 1644 et

403 1692 450 1722 in
476 1686 661 1723 tantum
685 1676 895 1723 claritate
918 1677 1095 1741 potitus
1117 1686 1209 1736 est,
1237 1684 1289 1726 ut
1310 1675 1409 1740 ipse
1438 1675 1639 1740 propriis
1663 1674 1812 1722 oculis

403 1754 560 1816 legens
575 1754 800 1800 virtutum
816 1764 940 1816 gesta
952 1762 1274 1816 cognosceret.
1289 1754 1525 1816 Operatur
1538 1752 1636 1799 haec
1655 1762 1811 1800 autem

405 1847 527 1877 unus
556 1840 697 1894 atque
730 1831 854 1877 idem
887 1831 1151 1891 Dominus,
1186 1831 1268 1894 qui
1303 1830 1529 1893 gloriatur
1560 1830 1606 1876 in
1643 1829 1814 1876 sanctis

403 1910 518 1964 suis,
546 1918 687 1971 atque
707 1909 833 1973 ipsos
857 1908 1109 1954 illustribus
1130 1909 1365 1955 miraculis
1387 1907 1537 1954 editos
1553 1905 1694 1953 efficit
1712 1907 1812 1969 glo-

403 1985 567 2029 riosos.
604 1986 692 2047 [psi
719 1984 866 2047 gloria
890 1993 935 2030 et
963 1984 1218 2048 imperium
1242 1985 1288 2029 in
1319 1983 1486 2030 saecula
1508 1983 1808 2029 saeculorum.

406 2064 571 2107 Amen.

987 2149 1140 2183 CAPUT
1166 2149 1234 2184 IX.

850 2250 900 2283 De
916 2258 1035 2283 sancto
1053 2249 1216 2283 Patroclo
1234 2248 1373 2283 abbate.

469 2369 587 2413 Cum
623 2367 805 2430 egregia
846 2368 1016 2430 Moysis
1051 2369 1166 2414 vatis
1205 2367 1484 2432 prudentia,
1522 2367 1584 2415 ad
1620 2367 1814 2414 confor-

408 2444 634 2490 mandum
676 2444 845 2490 divinae
891 2444 1211 2491 descensionis
1254 2444 1642 2501 tabernaculum,
1683 2445 1823 2508 juxta,

406 2522 558 2584 ipsum
580 2521 675 2567 oris
698 2520 926 2567 dominici
945 2531 1251 2586 praeceptum,
1274 2521 1497 2567 fabricare
1516 2521 1811 2585 disponeret,

407 2607 546 2661 atque
561 2597 731 2645 adhoc
749 2598 1068 2660 eumdemque
1091 2609 1371 2663 apparatum
1389 2599 1535 2645 multa
1558 2614 1815 2661 congerere

401 2675 578 2736 jussus,
617 2691 714 2720 non
750 2674 946 2721 haberet
969 2685 1138 2722 cuncta
1169 2675 1218 2721 in
1252 2685 1434 2738 regestu
1472 2675 1812 2740 promptuarii,

407 2767 509 2813 quae
531 2750 591 2796 ab
616 2751 719 2815 ipso
743 2752 951 2798 Domino
976 2760 1162 2802 ostensa
1190 2751 1376 2798 fuerant
1399 2752 1447 2797 in
1480 2751 1654 2798 montis
1681 2750 1816 2798 ardui

407 2828 700 2887 summitate,
731 2828 867 2890 jussit
903 2829 1200 2875 commoneri
1234 2828 1494 2893 populum,
1541 2837 1590 2875 ut
1630 2828 1826 2875 offerret.
