2054 3450
432 331 507 368 222
759 320 769 328 “
949 330 1079 366 vrrAE
1104 330 1321 369 PATRUM.

430 419 533 464 lum
556 416 678 464 fodit
700 434 711 462 ε
739 432 837 480 quo
865 432 1041 481 corpus
1063 414 1188 463 beati
1217 417 1364 481 patris
1386 418 1631 465 transferre
1653 417 1835 478 volens,

430 502 664 541 convocat
687 491 989 556 presbyteros
1009 501 1056 538 et
1081 490 1274 538 abbates
1296 492 1357 539 ad
1377 491 1492 539 illud
1515 493 1739 552 officium,
1757 494 1838 558 qui

431 568 670 631 vigilantes
693 568 911 623 orabant,
934 578 986 615 ut
1004 584 1054 615 se
1068 567 1236 615 beatus
1251 568 1493 615 confessor
1506 569 1568 616 ad
1587 569 1711 617 hanc
1727 586 1838 635 prae·

430 656 644 710 paratam
686 645 1034 694 habitationem
1076 644 1315 692 transferri
1352 645 1656 709 permitteret.
1702 649 1839 694 Mane

429 735 587 773 autem
620 725 763 780 sacto,
801 742 912 774 cum
942 725 1100 772 choris
1134 723 1453 790 psallentium,
1490 725 1838 788 apprehensum

430 802 775 868 sarcophagum
798 811 906 849 ante
927 801 1072 849 altare
1091 802 1139 848 in
1161 800 1376 849 absidam
1394 816 1539 864 quam
1557 800 1722 848 beatus
1742 791 1840 867 epi*-

431 897 603 945 scopus
629 878 965 940 aedificaverat,
1008 878 1362 926 transtulerunt.
1398 876 1542 935 Quod
1573 877 1842 943 sepulcrum

430 957 546 1003 dum
583 956 828 1019 diligenter
858 965 1182 1020 componunt,
1216 953 1398 1012 subito,
1431 964 1477 1001 et
1514 962 1566 1000 ut
1599 953 1745 1001 credo
1781 953 1841 1002 ad

432 1034 517 1079 Dei
532 1035 733 1096 jussum,
760 1033 1055 1098 opertorium
1077 1030 1356 1096 sarcophagi
1379 1040 1565 1078 motum
1587 1041 1658 1077 est
1681 1031 1728 1078 in
1747 1047 1840 1078 una

431 1119 563 1174 parte
586 1127 598 1157 ε
625 1120 670 1156 et
692 1126 802 1156 ecce
824 1109 1044 1173 apparuit
1065 1107 1204 1155 beata
1226 1108 1364 1155 facies
1386 1107 1486 1171 ejus
1506 1109 1569 1155 ita
1592 1108 1773 1172 integra
1794 1118 1842 1155 et

430 1185 592 1244 illaesa,
621 1196 673 1233 ut
698 1194 886 1250 putares
917 1201 1027 1232 eum
1061 1201 1158 1231 non
1192 1194 1437 1230 mortuum
1467 1200 1589 1243 esse,
1618 1184 1703 1231 sed
1727 1184 1841 1231 dor·
1867 1240 1871 1243 ,
1935 1231 1943 1245 ,

431 1263 685 1322 mientem3
721 1262 805 1310 sed
840 1278 928 1308 nee
958 1260 1018 1308 de
1043 1261 1146 1325 ipso
1171 1260 1449 1311 vestimento
1482 1260 1614 1323 quod
1641 1276 1751 1307 cum
1782 1277 1841 1308 eo

432 1340 638 1404 positum
673 1340 759 1386 fuit
789 1338 966 1402 aliquid
992 1349 1234 1385 ostensum
1261 1347 1329 1384 est
1355 1337 1644 1384 diminutum
1670 1356 1682 1384 :
1712 1338 1842 1386 unde

432 1433 530 1462 non
551 1416 787 1463 immerito
804 1416 1023 1480 apparuit
1038 1414 1270 1477 gloriosus
1285 1423 1392 1478 post
1412 1414 1679 1471 transitum,
1709 1414 1844 1477 cujus

430 1510 543 1540 caro
566 1510 665 1540 non
692 1493 778 1539 fuit
802 1502 1027 1556 corrupta
1046 1491 1271 1538 ludibrio.
1301 1493 1468 1554 Magna
1495 1500 1566 1537 est
1584 1490 1713 1538 enim
1734 1507 1843 1538 cor-

431 1571 560 1634 poris
588 1580 634 1617 et
661 1569 818 1616 cordis
844 1569 1101 1632 integritas,
1131 1584 1236 1632 quae
1265 1576 1313 1614 et
1342 1568 1390 1614 in
1424 1568 1640 1631 praesenti
1672 1567 1843 1615 saeculo

431 1656 618 1711 praestat
646 1646 863 1709 gratiam,
894 1654 939 1692 et
962 1646 1010 1691 in
1034 1644 1360 1691 futurovitam
1381 1643 1576 1707 largitur
1597 1654 1839 1703 aeternam,
1861 1650 1863 1654 '

432 1722 491 1770 de
531 1739 627 1786 qua
668 1721 840 1770 Paulus
877 1721 1120 1786 apostolus
1162 1721 1228 1767 ait
1265 1738 1275 1766 :
1325 1739 1347 1764 «
1382 1723 1551 1767 Pacem
1591 1721 1844 1786 sequimini

431 1808 477 1845 et
511 1799 959 1858 sanctificationem,
996 1798 1099 1845 sine
1129 1813 1223 1862 qua
1261 1812 1404 1844 nemo
1430 1796 1609 1846 videbit
1644 1814 1843 1862 regnum

431 1877 534 1924 Dei.
567 1897 589 1920 i)

498 1959 543 2004 5.
586 1955 744 2002 Puella
767 1953 1004 2019 quaedam,
1029 1953 1107 2000 die
1129 1952 1376 2000 dominico
1400 1969 1512 2000 cum
1537 1971 1677 2001 suum
1701 1964 1844 2019 caput

431 2041 760 2096 componeret,
789 2031 971 2094 pectine
993 2029 1310 2092 apprehenso,
1345 2029 1490 2076 credo
1521 2029 1586 2077 ob
1619 2030 1843 2094 injuriam

433 2108 527 2155 diei
545 2109 711 2166 sancti,
734 2108 781 2153 in
801 2106 1019 2154 manibus
1034 2105 1134 2168 ejus
1153 2105 1363 2165 adhaesit,
1388 2107 1451 2153 ita
1469 2117 1518 2153 ut
1536 2106 1659 2154 affixi
1678 2107 1844 2155 dentes

434 2196 529 2233 tam
553 2186 601 2232 in
624 2184 777 2247 digitis
800 2199 946 2247 quam
968 2182 1014 2228 in
1037 2182 1206 2245 palmis
1227 2197 1450 2245 magnum
1474 2183 1519 2229 ei
1538 2183 1756 2231 dolorem
1773 2185 1844 2231 in-

434 2262 625 2308 ferrent.
651 2264 767 2319 Quae
789 2276 899 2306 cum
922 2257 1137 2304 basilicas
1160 2267 1434 2304 sanctorum
1453 2257 1572 2306 flens
1590 2269 1733 2324 atque
1755 2259 1843 2308 ob-

433 2355 620 2385 secrans
641 2337 879 2396 circuiret,
903 2335 960 2382 ad
987 2334 1257 2399 sepulcrum
1280 2333 1406 2382 beati
1428 2337 1641 2399 Gregorii
1662 2337 1843 2385 antisti-

435 2415 493 2462 tis
522 2416 571 2461 in
606 2416 708 2478 ejus
733 2414 906 2461 virtute
928 2411 1110 2458 confisa
1131 2411 1442 2475 prosternitur
1468 2429 1478 2458 ε
1507 2429 1712 2477 cumque
1732 2413 1841 2461 diu-

435 2492 611 2539 tissime
632 2491 757 2539 beati
778 2488 1061 2537 confessoris
1084 2487 1352 2552 proesidium
1377 2488 1642 2551 flagitasset,
1665 2489 1843 2536 directa

435 2585 602 2616 manus
624 2569 723 2632 ejus
740 2567 799 2614 ad
822 2582 942 2630 opus
966 2564 1216 2628 pristinum
1235 2565 1421 2628 pectine
1440 2565 1688 2619 decidente
1705 2566 1844 2613 redu-

435 2645 574 2691 citur.
608 2645 702 2692 Sed
725 2654 772 2691 et
798 2641 1102 2704 energumeni
1127 2657 1235 2686 eum
1259 2640 1537 2688 confitentes
1561 2641 1622 2689 ad
1645 2642 1747 2706 ejus
1769 2659 1842 2690 se-

436 2721 655 2786 pulcrum
692 2736 812 2785 saepe
844 2727 1121 2783 purgantur.
1167 2719 1284 2763 Nam
1325 2717 1604 2783 plerumque
1637 2719 1843 2766 vidimus

437 2808 545 2862 post
566 2798 666 2861 ejus
691 2796 956 2851 transitum,
979 2793 1175 2858 virgula,
1199 2793 1332 2857 cujus
1353 2810 1496 2859 supra
1519 2796 1838 2859 meminimus,
