2054 3450
433 335 508 374 208
775 334 785 341 ’
945 335 1073 371 VITAE
1099 336 1317 374 PATRUM.

433 416 661 462 Dixerunt
675 413 1055 463 benedictionem
1078 432 1159 462 eos
1178 416 1391 480 psallere.
1411 419 1465 464 At
1486 417 1580 478 ille,
1600 418 1784 483 psalmo
1804 436 1831 464 L

432 500 478 536 et
505 489 835 537 benedictione
857 490 1104 538 decantata
1124 500 1170 538 et
1189 491 1470 539 alleluiatico
1487 509 1598 541 cum
1617 493 1834 558 capitello

433 567 637 631 expleto,
659 568 1006 615 consummavit
1034 568 1306 615 matutinos.
1334 570 1443 626 Quo
1465 570 1736 634 perfunctus
1761 571 1833 618 of-

432 643 540 691 ficio
556 645 621 691 ait
640 662 650 690 :
675 664 698 689 t<
714 645 829 692 Vale
844 644 1043 692 dicimus
1059 644 1210 705 vobis,
1235 644 1413 692 fratres,
1434 665 1456 689 υ
1472 648 1531 692 Et
1540 645 1641 693 haec
1652 646 1831 707 dicenS,

430 722 630 768 extensis
657 721 897 781 membris,
915 722 1130 787 spiritum
1148 721 1268 769 coelo
1284 722 1519 769 intentum
1534 723 1757 787 praemisit
1774 723 1834 771 ad

430 799 705 845 Dominum.
728 800 926 846 Transiit
947 808 1104 846 autem
1122 799 1265 846 aetatis
1280 816 1373 846 suae
1393 815 1520 846 anno
1535 790 1638 858 miv,
1660 799 1836 863 episco-

429 884 566 938 patus
590 892 704 922 vero
726 876 797 922 sui
817 891 945 922 anno
974 892 1115 922 xxvn.
1140 876 1256 922 Exin
1281 874 1466 923 ablutus
1483 886 1624 940 atque
1646 875 1837 922 vestitus

430 950 478 996 in
503 951 745 998 ecclesiam
776 951 999 1010 defertur,
1025 952 1180 999 donec
1202 952 1624 1017 comprovinciales
1645 952 1706 999 ad
1726 968 1836 998 eum

430 1027 754 1092 sepeliendum
785 1029 1110 1075 convenirent.
1141 1031 1362 1092 Magnum
1393 1029 1519 1076 enim
1545 1028 1610 1076 ibi
1632 1029 1834 1076 miracu·

430 1104 529 1151 lum
553 1115 794 1152 ostensum
812 1105 1002 1170 populis
1026 1105 1128 1164 fuit,
1153 1105 1283 1170 quod
1304 1115 1492 1153 sanctus
1510 1107 1614 1166 Dei,
1635 1116 1834 1153 attracto

430 1181 595 1228 dextro
615 1182 737 1247 pede
755 1183 802 1229 in
818 1182 1005 1238 feretrO,
1032 1199 1081 1229 se
1099 1183 1148 1229 in
1169 1182 1299 1230 aliud
1314 1183 1453 1240 latus,
1471 1182 1603 1246 quod
1622 1192 1720 1229 erat
1737 1199 1837 1230 ver-

429 1275 508 1304 sus
525 1259 686 1317 altare,
714 1259 926 1306 contulit.
957 1262 1082 1305 Dum
1106 1268 1263 1306 autem
1288 1259 1388 1306 haec
1409 1269 1675 1323 agerentur,
1703 1275 1836 1322 roga-

430 1335 582 1382 tiones
613 1336 718 1396 illae,
749 1353 853 1400 quae
881 1336 1136 1398 quotannis
1158 1335 1334 1398 ubique
1358 1336 1406 1382 in
1436 1336 1662 1383 Paschate
1695 1335 1830 1396 fiunt,

429 1411 746 1459 celebrantur.
775 1413 924 1459 Jacuit
952 1422 1109 1459 autem
1139 1413 1186 1458 in
1216 1412 1407 1459 ecclesia
1435 1412 1610 1469 triduo,
1645 1411 1836 1459 assiduo

429 1488 630 1535 instante
655 1489 900 1553 psallentio
916 1505 1026 1535 cum
1050 1506 1219 1552 magna
1245 1488 1507 1552 frequentia
1525 1487 1706 1554 populi.
1729 1489 1836 1552 Epi-

431 1566 586 1629 scopis
604 1575 761 1612 autem
785 1575 953 1629 quarta
974 1564 1051 1611 die
1077 1563 1454 1622 advenientibus,
1474 1581 1584 1611 eum
1606 1564 1666 1612 de
1687 1564 1834 1612 eccle-

431 1641 497 1688 sia
516 1640 809 1699 levaverunt,
835 1650 882 1688 et
901 1651 1142 1706 portantes
1161 1642 1209 1688 in
1236 1641 1384 1688 sancti
1412 1640 1651 1688 Laurentii
1674 1639 1836 1688 basili-

431 1734 553 1777 cam,
583 1718 649 1765 ibi
671 1718 918 1784 sepeliunt.
946 1721 1047 1765 Jam
1067 1718 1241 1765 veroin
1256 1718 1488 1782 exsequiis
1509 1718 1609 1781 ejus
1630 1727 1836 1782 quantus

431 1794 665 1859 planctus,
692 1795 856 1858 quanti
880 1794 1043 1860 populi
1072 1794 1283 1855 adfuere,
1314 1795 1521 1841 enarrari
1543 1795 1620 1841 vix
1643 1803 1798 1858 potest
1820 1811 1831 1840 ε

384 1915 392 1923 ,
433 1871 652 1919 mulieres
684 1888 794 1919 cum
829 1870 1108 1936 lugubribus
1129 1871 1417 1918 indumentis
1450 1881 1673 1933 tanquam
1702 1871 1739 1918 si
1766 1871 1835 1918 vi-

430 1964 509 1994 ros
542 1947 883 2013 perdidissent;
924 1948 1135 1995 similiter
1166 1957 1211 1994 et
1242 1947 1346 2006 viri,
1379 1947 1567 1994 obtecto
1599 1947 1751 2012 capite
1784 1956 1836 1994 ut

430 2024 479 2070 in
508 2024 737 2088 exsequiis
767 2040 968 2070 uxorum
995 2023 1146 2070 facere
1169 2039 1272 2069 mos
1302 2033 1396 2082 est;
1430 2023 1519 2086 ipsi
1543 2039 1735 2087 quoque
1755 2023 1833 2088 ju-

432 2099 516 2147 daei
544 2101 751 2148 accensis
778 2100 1080 2166 lampadibus
1107 2099 1375 2164 plangendo
1401 2098 1830 2164 prosequebantur.

431 2178 610 2223 Omnes
632 2187 856 2241 praeterea
879 2176 1044 2241 populi
1063 2192 1160 2223 una
1181 2192 1298 2223 voce
1318 2175 1540 2222 dicebant
1567 2193 1578 2221 z
1604 2195 1626 2218 «ε
1642 2177 1720 2222 Vae
1742 2192 1834 2221 no-

432 2251 503 2299 bis
526 2252 607 2316 qui
629 2262 736 2317 post
758 2252 885 2300 hanc
910 2252 1035 2299 diem
1062 2267 1307 2315 nunquam
1330 2252 1530 2298 similem
1548 2250 1837 2298 merebimur
1885 2282 1890 2290 -

430 2328 606 2377 habere
624 2328 916 2394 pontificem.
941 2348 963 2373 ι)
987 2332 1042 2375 Et
1058 2328 1185 2392 quia,
1204 2337 1258 2375 ut
1276 2328 1505 2390 diximus„
1526 2327 1837 2393 provinciales

433 2405 571 2470 longe
593 2405 846 2466 distabant,
872 2422 961 2453 nec
981 2405 1176 2452 celerius
1190 2405 1352 2452 venire
1372 2414 1642 2469 potuerant,
1663 2414 1715 2452 ut
1733 2421 1836 2452 mos

432 2484 713 2530 rusticorum
732 2483 952 2542 habetur,
967 2482 1163 2546 ,glebam
1186 2499 1326 2546 super
1340 2481 1535 2529 beatum
1555 2498 1729 2546 corpus
1748 2497 1836 2545 po-

432 2576 567 2607 suere
592 2559 771 2618 fideles,
802 2576 899 2623 quo
929 2558 990 2605 ab
1018 2569 1131 2606 aestu
1158 2575 1257 2605 non
1294 2559 1638 2605 intumesceret.
1679 2560 1834 2615 Quem

433 2637 652 2701 cespitem
678 2646 786 2701 post
809 2637 908 2700 ejus
932 2637 1173 2699 exsequias
1199 2635 1366 2682 mulier
1393 2635 1608 2700 quaedam
1637 2645 1682 2681 et
1704 2651 1830 2693 vere,

432 2722 485 2759 ut
506 2730 593 2776 ego
616 2713 864 2777 diligenter
885 2714 1124 2777 inquisivi,
1148 2714 1279 2775 virgo
1306 2712 1552 2777 purissima
1582 2721 1628 2758 et
1661 2711 1835 2761 devota

433 2791 555 2849 Deo,
591 2790 816 2837 Meratina
849 2791 1061 2850 nomine,
1097 2788 1158 2837 ab
1187 2788 1287 2836 aliis
1314 2788 1516 2853 ejectum
1548 2788 1750 2852 collegit,
1784 2788 1833 2835 in
