2054 3450
427 304 502 340 334
939 306 1065 341 VITAE
1091 306 1309 342 PATRUM.

423 390 570 437 abbas
588 407 776 453 gregem
800 394 901 438 Deo
927 391 1153 439 devotum
1180 391 1380 455 regulari
1405 403 1588 457 sceptro
1613 392 1817 457 regebat.

423 466 494 512 Ad
516 466 609 513 hoc
631 467 700 513 vir
722 468 806 514 iste
831 467 1030 515 devotus
1050 468 1297 527 accedenS,
1318 468 1603 532 virtutesque
1628 486 1823 518 cernens

423 542 549 590 beati
583 545 787 603 Martini,
815 545 878 592 ait
911 546 1033 592 intra
1067 563 1115 592 se
1142 565 1151 592 :
1187 566 1209 588 «
1237 548 1297 591 Ut
1317 545 1537 608 conjicio,
1567 546 1732 594 melius
1756 557 1826 594 est

423 621 596 668 servire
621 621 921 686 impollutum
943 621 1155 680 Christo,
1185 637 1327 685 quam
1352 638 1437 686 per
1462 622 1685 687 copulam
1706 641 1825 689 nup-

424 696 580 744 tialem
617 699 834 762 contagio
872 697 1048 745 involvi
1083 698 1343 745 mundano.
1375 698 1651 762 Relinquam
1685 717 1826 765 spon-

423 780 521 821 sam
543 774 762 821 territorii
785 776 994 839 Biturigi,
1020 785 1066 821 et
1082 784 1305 821 annectar
1318 774 1556 822 catholicae
1578 792 1661 840 per
1682 775 1826 823 fidem

424 850 664 912 Ecclesiae,
705 862 755 897 ut
787 853 869 915 qui
901 852 1045 899 credo
1080 851 1250 912 corde,
1293 853 1434 898 etiam
1466 869 1610 917 opere
1646 869 1827 900 merear

422 927 608 974 effectui
627 928 953 976 condonare.»
979 932 1084 977 Haec
1104 931 1227 976 intra
1249 946 1297 976 se
1318 930 1532 989 volvens,
1556 929 1746 976 advenit
1766 930 1828 977 ad

423 1003 712 1052 antedictum
740 1005 987 1060 abbatem,
1028 1006 1399 1070 provolutusque
1436 1005 1498 1054 ad
1528 1006 1671 1070 pedes
1707 1006 1824 1069 ejus,

422 1079 535 1144 quid
560 1082 730 1129 intimo
756 1082 902 1129 corde
925 1093 1103 1146 gereret
1124 1099 1234 1129 cum
1263 1082 1478 1148 lacrymis
1509 1081 1741 1147 patefecit.
1774 1088 1830 1130 At

423 1158 499 1206 ille
523 1160 691 1222 gratias
710 1176 851 1224 agens
875 1162 975 1206 Deo
999 1176 1087 1224 pro
1114 1159 1206 1206 fide
1239 1160 1388 1224 pueri,
1418 1169 1463 1205 et
1496 1159 1657 1208 addita
1687 1161 1829 1208 etiam

408 1230 755 1301 'praedicatione
789 1236 1093 1295 sacerdotali,
1123 1236 1350 1299 juvenem
1382 1235 1589 1283 totondit
1623 1246 1669 1283 et
1704 1237 1829 1300 gregi

422 1314 741 1361 monasteriali
765 1314 944 1360 ascivit.
973 1316 1041 1360 Ex
1061 1313 1156 1359 hoc
1184 1330 1232 1360 se
1256 1313 1306 1359 in
1327 1313 1592 1360 humilitate
1613 1313 1829 1360 fratribus

422 1390 675 1450 exhibens,
707 1390 983 1438 charitatem
1005 1407 1116 1436 cum
1141 1389 1364 1436 omnibus
1386 1389 1599 1452 diligens,
1626 1390 1674 1436 in
1696 1399 1829 1436 tanto

422 1455 674 1515 sanctitatis
696 1469 827 1533 apice
852 1477 1041 1514 evectus
1067 1467 1302 1523 asseritur,
1331 1477 1382 1513 ut
1406 1466 1466 1514 ab
1489 1466 1711 1514 omnibus
1734 1477 1832 1514 tan-

422 1561 567 1608 quam
587 1561 756 1610 parens
773 1544 1016 1608 proximus
1033 1560 1221 1590 summo
1241 1543 1396 1590 studio
1419 1543 1667 1591 coleretur.
1695 1543 1831 1592 Unde

424 1621 598 1668 sactum
627 1631 696 1668 est
723 1631 791 1681 ut,
819 1621 1114 1668 decendente
1137 1620 1308 1667 abbate
1339 1621 1438 1683 jam
1460 1620 1573 1667 dicti
1601 1630 1831 1668 monaste-

424 1699 495 1755 rii,
525 1699 624 1764 ipse
659 1699 706 1744 in
735 1697 843 1745 loco
873 1697 1056 1745 abbatis
1090 1696 1369 1761 eligentibus
1405 1696 1625 1744 fratribus
1660 1697 1831 1745 substi-

425 1785 650 1823 tueretur.

486 1857 534 1900 2.
562 1853 776 1917 Denique
805 1852 1013 1916 quadam
1035 1852 1111 1899 die
1131 1851 1374 1899 dominica
1394 1852 1454 1900 ad
1479 1852 1726 1901 missarum
1750 1868 1830 1899 ce·-

423 1929 650 1976 lebranda
669 1929 898 1976 solemnia
916 1930 1156 1990 invitatur,
1175 1929 1385 1992 dixitque
1406 1929 1625 1976 fratribus
1646 1946 1656 1974 :
1687 1949 1709 1970 κ
1728 1931 1829 1976 Jatn

424 2007 551 2052 enim
567 2006 695 2052 oculi
719 2006 810 2052 mei
829 2005 1024 2068 caligine
1043 2005 1351 2069 obteguntur,
1377 2023 1465 2052 nec
1481 2022 1675 2070 possum
1698 2005 1831 2052 libel-

424 2083 520 2129 lum
567 2083 790 2147 aspicere.
838 2081 1116 2146 Presbytero
1155 2083 1295 2145 igitur
1334 2082 1432 2128 haec
1475 2082 1608 2129 alteri
1650 2081 1833 2145 agenda

424 2159 718 2207 mandate.»
758 2160 954 2206 Dicente
976 2159 1115 2222 igitur
1138 2158 1467 2223 presbytero,
1455 2176 1555 2223 lpse
1589 2158 1834 2223 proximus

424 2237 584 2296 astitit,
615 2246 903 2300 ventumque
925 2246 994 2283 est
1026 2246 1078 2282 ut
1107 2246 1324 2282 sanctum
1357 2252 1545 2295 munus,
1570 2235 1702 2299 juxta
1726 2250 1831 2280 mo-

391 2308 393 2310 ’
425 2330 524 2360 rem
547 2313 849 2370 catholicum,
886 2313 1020 2375 signo
1045 2313 1197 2360 crucis
1219 2313 1536 2378 superposito,
1570 2311 1834 2360 benedice—

425 2402 568 2439 retur.
599 2395 647 2439 ΑΙ
674 2391 752 2437 ille
769 2391 983 2450 intuitus,
1013 2391 1128 2438 vidit
1150 2391 1283 2454 quasi
1305 2390 1365 2437 ad
1388 2391 1636 2438 fenestram
1661 2388 1834 2437 absidae

425 2468 599 2516 scalam
618 2469 838 2533 positam,
861 2477 908 2514 et
920 2468 1053 2531 quasi
1069 2467 1434 2514 descendentem
1456 2484 1542 2532 per
1559 2483 1663 2514 eam
1679 2466 1834 2512 virum

425 2562 603 2606 senem,
627 2546 872 2592 clericatus
892 2544 1079 2591 honore
1101 2543 1436 2605 venerabilem,
1460 2554 1599 2607 atque
1622 2542 1833 2590 oblatum

425 2622 589 2668 altario
615 2622 894 2669 sacrificium
917 2621 1108 2668 dextera
1122 2631 1312 2668 extensa
1331 2620 1705 2667 benedicentem.
1728 2622 1835 2666 Haec

426 2699 555 2745 enim
578 2698 836 2761 agebantur
853 2699 901 2745 in
917 2697 1107 2745 basilica
1123 2700 1271 2745 sancti
1293 2698 1496 2758 Martini,
1524 2697 1655 2760 quod
1678 2695 1835 2743 nullus

428 2774 586 2822 videre
610 2776 777 2822 meruit
806 2776 894 2822 nisi
921 2776 1020 2839 ipse
1046 2784 1248 2836 tantum,
1284 2775 1452 2839 reliqui
1484 2791 1595 2821 vero
1627 2791 1712 2822 cur
1736 2790 1834 2820 non
