2054 3450
377 359 453 395 ‘286
892 363 1019 399 VlTAE
1047 364 1266 400 PATRUM.

376 442 531 490 batur.
557 446 772 510 Cumque
797 446 925 494 hunc
943 447 1003 495 ad
1023 448 1169 513 pedes
1187 465 1299 497 suos
1323 444 1573 500 confusum
1595 462 1782 500 sanctus

375 521 571 569 eremita
603 522 809 580 videret,
847 525 1111 573 orationem
1138 526 1312 574 faciens
1339 544 1450 574 eum
1472 529 1602 577 abire
1622 531 1779 594 jussit,

366 598 573 647 dicens:
606 620 628 642 «
655 601 786 648 Vade
820 611 945 649 retro
982 605 1177 665 Satana,
1211 605 1328 651 nihil
1362 604 1479 652 mihi
1511 607 1560 653 in
1589 608 1783 655 nomine

374 676 544 724 Christi
577 678 668 724 mei
700 680 877 743 poteris
909 680 1030 728 ultra
1058 697 1250 728 nocere.
1280 700 1303 726 υ
1340 684 1393 728 At
1428 681 1507 729 ille
1539 699 1689 747 usque
1722 684 1783 732 ad

375 753 516 802 limen
535 755 713 803 cellulae
729 773 938 821 egressus
952 794 963 814 ‚
988 774 1162 805 sonum
1180 758 1388 806 validum
1407 776 1492 824 per
1513 759 1786 808 inferiorem

374 842 555 896 partem
588 834 763 895 emisit,
799 844 846 882 et
879 845 1013 883 tanto
1045 835 1261 883 cellulam
1295 836 1442 884 fetore
1476 838 1698 904 replevit,
1734 847 1784 886 ut

372 909 489 956 nibil
509 909 638 957 aliud
659 927 801 974 quam
823 911 1040 960 diabolus
1058 912 1355 973 crederetur3
1375 930 1463 962 nec
1485 914 1606 963 ultra
1622 931 1785 963 coram

373 996 536 1033 sancto
568 997 650 1034 aut
677 1005 871 1054 serpens
899 998 980 1037 aut
1002 989 1146 1037 draco
1174 991 1457 1056 comparuit.

439 1067 486 1111 2.
528 1066 633 1111 Erat
664 1065 791 1112 enim
823 1066 1037 1113 assiduus
1072 1067 1120 1113 in
1153 1083 1296 1132 opere
1325 1069 1436 1130 Dei,
1474 1085 1562 1116 nec
1590 1069 1786 1118 vacabat

373 1139 431 1186 ad
461 1139 612 1200 aliud,
647 1142 735 1188 nisi
768 1152 847 1189 aut
878 1142 1051 1206 legeret
1081 1143 1284 1209 aliquid,
1315 1155 1397 1192 aut
1419 1156 1575 1193 oraret
1602 1164 1613 1194 ε
1644 1148 1783 1195 etiarn

371 1232 481 1263 cum
508 1234 763 1283 parumper
785 1218 879 1266 cibi
904 1229 1115 1285 caperet,
1142 1238 1327 1286 semper
1350 1221 1532 1270 orabat.
1560 1224 1786 1272 Sumebat

372 1294 614 1341 interdum
646 1295 823 1360 piscem
854 1296 915 1344 de
948 1297 1167 1358 flumine,
1194 1314 1300 1345 raro
1326 1299 1541 1363 quidem,
1568 1300 1648 1348 sed
1674 1318 1783 1349 cum

374 1370 610 1431 voluisset,
637 1372 899 1437 opitulante
918 1375 1128 1421 Domino
1147 1375 1394 1423 confestim
1411 1377 1590 1424 aderat.
1612 1377 1782 1425 Cibum

372 1449 507 1512 panis
529 1465 626 1495 non
659 1449 849 1497 aliunde
879 1451 1122 1511 sumebat,
1162 1453 1251 1499 nisi
1287 1453 1369 1519 qui
1401 1453 1460 1500 de
1494 1455 1784 1503 monasterio

373 1525 678 1573 mittebatur:
703 1529 740 1574 si
772 1529 877 1593 quis
904 1546 1017 1576 vero
1048 1529 1333 1578 devotorum
1367 1549 1512 1597 panes
1544 1533 1786 1582 detulisset

371 1612 453 1650 aut
475 1603 665 1665 vinum,
695 1604 744 1651 id
767 1605 813 1651 in
835 1605 967 1653 cibos
985 1606 1304 1672 deputabatur
1320 1610 1583 1673 egentium,
1605 1611 1654 1658 in
1676 1610 1782 1658 illo-

372 1696 476 1726 rum
491 1680 722 1729 duntaxat
734 1682 816 1746 qui
832 1681 893 1731 ab
918 1700 976 1730 eo
998 1694 1080 1732 aut
1104 1684 1290 1749 signum
1310 1687 1512 1734 salutare
1529 1688 1781 1753 suscipere,

371 1766 452 1803 aut
475 1756 801 1806 infirmitatum
825 1760 1036 1807 remedia
1060 1778 1248 1810 sumere
1278 1762 1554 1827 flagitabant
1574 1782 1584 1810 ε
1609 1765 1785 1812 scilicet

372 1844 423 1881 ut
447 1852 568 1899 quos
594 1853 679 1902 per
702 1838 967 1885 orationem
997 1839 1133 1886 saluti
1157 1839 1324 1898 dabat,
1353 1841 1494 1888 etiam
1521 1841 1614 1888 cibi
1640 1843 1787 1889 refec-

374 1913 501 1960 tione
527 1913 730 1975 soveret,
756 1915 875 1963 illud
898 1917 1089 1964 Domini
1120 1919 1357 1977 recolens,
1386 1919 1518 1983 quod
1547 1920 1594 1966 in
1631 1922 1784 1967 Evan-

373 1989 494 2052 gelio
517 1990 578 2037 de
600 1991 751 2038 turbis
769 2009 887 2057 quas
906 2009 934 2039 a
950 1992 1244 2041 diversorum
1263 1994 1548 2043 morborum
1563 1996 1783 2059 contagio

371 2076 617 2116 sanaverat
635 2067 751 2115 dixit
771 2086 781 2114 :
808 2088 831 2111 «
853 2069 1100 2116 Dimittere
1116 2087 1198 2118 eos
1215 2071 1405 2135 jejunos
1424 2072 1556 2131 nolo,
1584 2089 1642 2120 ne
1664 2071 1784 2120 defi-

373 2143 498 2191 ciant
519 2144 569 2191 in
593 2145 729 2191 via.»
765 2145 858 2192 Sed
887 2162 977 2193 nec
1002 2146 1120 2194 illud
1148 2147 1436 2196 beneficium
1469 2149 1634 2197 occuli'
1651 2148 1784 2197 arbi-

375 2230 489 2279 tror,
512 2221 643 2286 quod
660 2223 702 2269 ei
725 2222 774 2269 in
797 2222 903 2269 loco
927 2223 1009 2270 illo
1032 2223 1192 2272 divina
1210 2225 1358 2291 pietas
1375 2236 1444 2273 est
1459 2225 1642 2292 largita.
1664 2229 1783 2274 Nam

373 2314 483 2344 cum
506 2315 530 2345 a
556 2298 796 2363 profundo
826 2299 958 2346 vallis
981 2300 1125 2362 illius,
1161 2303 1294 2364 quasi
1322 2319 1406 2367 per
1436 2303 1587 2351 stadia
1617 2303 1783 2351 decem

373 2391 498 2440 aqua
531 2376 811 2437 deferretur,
850 2377 1002 2424 oravit
1037 2377 1099 2425 ad
1133 2380 1422 2439 Dominum,
1452 2390 1503 2428 ut
1525 2381 1567 2428 ei
1600 2381 1647 2429 in
1679 2381 1783 2446 ipso

374 2453 552 2501 cellulae
567 2469 678 2522 puae
706 2452 980 2501 habitaculo
1007 2454 1150 2501 fontis
1172 2472 1343 2504 venam
1377 2458 1661 2506 ostenderet.
1690 2457 1783 2505 Sed

375 2547 472 2577 uon
503 2530 653 2578 defuit
673 2531 819 2578 virtus
851 2531 930 2578 illa
957 2531 1178 2594 coelestis,
1212 2551 1316 2594 quae
1345 2534 1588 2598 quondam
1617 2534 1779 2582 sitien-

374 2607 500 2666 tibus
522 2608 713 2674 populis
737 2625 881 2673 aquas
905 2608 1129 2673 produxit
1151 2626 1179 2656 a
1201 2609 1346 2656 silice.
1374 2611 1540 2658 Statim
1559 2611 1701 2673 igitur
1720 2611 1782 2659 ad

373 2683 514 2748 hujus
549 2687 825 2733 orationem
852 2695 983 2750 gutta
1026 2686 1176 2734 laticis
1208 2703 1236 2734 a
1266 2697 1402 2735 caute
1434 2705 1778 2754 prorumpens,

374 2762 517 2826 coepit
540 2763 695 2810 solum
714 2763 846 2810 stillis
869 2764 1193 2827 frequentibus
1211 2757 1405 2828 irrigare
1423 2766 1591 2812 :atille
1608 2783 1782 2838 munus

375 2839 562 2886 coeleste
586 2840 909 2903 congaudenS‚
935 2857 1198 2888 concavum
1219 2842 1267 2888 in
1288 2841 1443 2906 lapide
1460 2838 1708 2907 parvtffum
1731 2844 1780 2891 in
