2054 3450
395 357 468 393 134
906 356 1034 392 viTAE
1060 355 1280 404 PATRUM.

390 452 459 489 est
491 441 659 488 melius
687 440 781 488 dici
810 441 965 488 Vitam
990 444 1183 488 Patrum
1206 457 1351 504 quam
1374 441 1503 487 Vitas
1526 458 1537 486 ε
1560 440 1671 504 quia
1688 456 1798 487 cum

390 519 446 564 sit
462 517 703 564 diversitas
727 519 1003 565 meritorum
1029 519 1371 581 virtutumque,
1391 533 1489 564 una
1509 527 1667 565 tamen
1687 533 1799 563 om-

390 611 474 641 nes
493 595 587 642 vita
605 596 820 660 corporis
846 595 928 642 alit
948 596 996 642 in
1018 594 1217 642 mundo.
1241 597 1296 641 Et
1321 594 1486 658 scripsi
1507 594 1655 641 fateor
1666 594 1714 640 in
1731 594 1801 640 in-

390 671 560 718 feriore
579 674 590 696 ²
609 671 944 718 Confessorum
965 671 1089 718 libro
1101 671 1257 735 aliqua
1275 670 1335 717 de
1350 669 1669 734 quorumdam
1685 670 1797 727 vita,

388 765 493 812 quae
527 749 577 795 in
608 765 811 814 corpore
847 749 1030 814 operati
1055 758 1165 795 sunt
1197 747 1420 794 breviora
1450 765 1461 793 ι
1490 745 1667 793 idcirco
1690 747 1803 811 quia

388 845 497 875 cum
521 828 581 876 de
605 829 692 876 Dei
716 828 890 875 virtute
920 828 1127 891 ingentia
1156 835 1454 886 censeantur,
1472 842 1620 891 parva
1643 836 1801 873 tamen

388 904 654 958 redduntur
676 906 723 951 in
748 905 931 969 scriptis
948 923 958 951 :
977 905 1234 970 prolixiora
1250 919 1443 968 quoque
1465 903 1514 950 in
1533 902 1646 962 hoc,
1670 903 1801 967 quod

392 982 493 1029 Vita
515 992 787 1029 sanctorum
811 983 1018 1030 vocitare
1043 982 1279 1029 voluimus
1292 980 1432 1042 libro,
1456 980 1662 1045 imperiti
1675 979 1799 1027 idio-

389 1068 541 1123 taeque
572 1060 898 1124 praesumimus
926 1060 1191 1124 propalare,
1225 1067 1413 1105 orantes
1443 1057 1726 1117 Dominum,
1753 1066 1806 1104 ut

388 1136 606 1200 dignetur
620 1138 732 1184 dare
755 1137 955 1184 verbum
979 1138 1025 1184 in
1051 1153 1133 1183 ore
1152 1146 1336 1194 nostro,
1354 1136 1437 1200 qui
1456 1151 1542 1182 ora
1561 1144 1803 1183 mutorum

390 1214 449 1260 ad
476 1231 587 1261 usus
609 1216 833 1279 pristinos
857 1216 1023 1279 saepius
1045 1214 1286 1273 reseravit,
1308 1223 1360 1260 ut
1382 1212 1680 1260 auditoribus
1701 1213 1805 1259 lec—

389 1289 665 1355 toribusque
700 1291 936 1350 salutaria,
971 1300 1017 1337 et
1050 1291 1223 1337 sanctis
1247 1289 1464 1337 Patribus
1487 1288 1650 1352 digna,
1678 1287 1805 1336 labia

390 1383 493 1414 mea
518 1368 744 1426 referant3
764 1377 810 1414 et
834 1383 938 1430 quae
956 1368 1002 1414 in
1024 1367 1196 1414 sanctis
1212 1366 1420 1431 praecipit
1440 1364 1599 1421 scribi,
1621 1374 1805 1430 reputet

389 1459 444 1490 ea
465 1444 561 1490 suis
578 1445 628 1501 ¹in
649 1443 871 1491 laudibus
895 1443 1169 1491 declamari.

905 1612 1060 1647 CAPUT
1084 1611 1289 1648 PRIMUM.

711 1713 763 1747 De
782 1712 958 1760 Lupicino
978 1721 1081 1758 atque
1098 1713 1261 1747 Romano
1279 1711 1476 1747 abbatibus.

453 1830 603 1876 Series
636 1830 913 1894 evangelicae
948 1830 1174 1877 admonet
1207 1830 1463 1895 disciplinae
1485 1832 1514 1890 ²,
1563 1839 1615 1876 ut
1651 1830 1805 1877 domi-

391 1905 505 1951 nicae
534 1906 794 1969 largitionis
828 1908 1030 1972 pecunia
1065 1907 1395 1954 nummulariis
1423 1907 1655 1964 fenerata,
1695 1923 1805 1954 cum

390 1981 534 2044 digno
562 1983 963 2048 multiplicationis
982 1984 1138 2030 fructu
1157 1984 1457 2048 dispensante
1478 1984 1686 2030 Domino
1710 2000 1807 2030 res-

390 2067 618 2119 tauretur,
642 2077 730 2106 nec
755 2060 858 2106 altis
880 2060 1065 2108 defossa
1095 2061 1240 2107 foveis
1265 2060 1553 2107 recondatur
1575 2060 1635 2107 ad
1661 2059 1803 2107 detri-

390 2145 623 2195 mentum,
638 2136 720 2182 sed
733 2136 1000 2183 rationabili
1014 2137 1363 2201 dispensatione
1375 2146 1608 2201 porrecta,
1622 2146 1805 2183 aeternae

388 2210 492 2257 vitae
514 2199 695 2259 crescat
711 2212 771 2259 ad
793 2212 978 2260 lucrum
996 2231 1009 2272 ς
1039 2224 1089 2259 ut
1114 2213 1342 2276 incipiens
1363 2212 1688 2260 retributionis
1710 2215 1805 2259 Do·

443 2363 501 2417 (1)
530 2364 650 2407 Editi.
677 2370 883 2414 superiore.
910 2368 958 2403 Et
974 2365 1132 2416 quidem
1152 2378 1268 2416 supra
1286 2365 1417 2404 laudat
1441 2365 1582 2403 librum
1603 2364 1652 2403 de
1674 2364 1806 2403 Gloria

387 2424 646 2461 confessorum
663 2439 674 2472 ;
693 2423 774 2472 sed,
797 2432 838 2462 ut
850 2423 928 2472 jam
947 2424 1181 2468 monuimus,
1202 2423 1318 2461 libros
1334 2424 1383 2462 de
1400 2423 1529 2462 Gloria
1545 2423 1803 2462 confessorum

388 2483 539 2534 scripsit
574 2491 660 2534 post
693 2483 895 2534 plerasque
928 2483 1031 2520 Vitas
1062 2485 1242 2530 Patrum,
1279 2483 1366 2520 licet
1395 2483 1498 2521 Vitas
1534 2485 1689 2520 Patrum
1722 2489 1806 2533 post

388 2542 527 2580 librum
557 2542 605 2580 de
632 2542 764 2580 Gloria
798 2543 1059 2580 confessorum
1093 2542 1371 2593 recognoverit.
1402 2542 1516 2580 Unde
1546 2541 1609 2579 hic
1644 2549 1805 2590 utraque

387 2600 500 2638 lectio
519 2600 620 2638 bona
637 2610 707 2639 est.
729 2601 889 2639 Librum
908 2601 956 2639 de
974 2600 1070 2638 Vitis
1095 2603 1248 2638 Patrum
1273 2610 1359 2651 post
1380 2599 1499 2638 libros
1520 2607 1665 2650 septem
1685 2597 1804 2636 Mira-

387 2659 560 2696 culorum
589 2669 759 2698 recenset
784 2660 867 2710 ipse
894 2660 1101 2710 Gregorius
1127 2659 1165 2696 in
1191 2660 1266 2696 fine
1296 2659 1469 2696 Historiae
1498 2673 1507 2707 .²
1536 2658 1644 2695 illum
1677 2665 1802 2695 autem

388 2716 482 2754 alias
513 2718 706 2767 praemittit
733 2717 831 2755 libro
857 2718 904 2756 de
933 2718 1064 2757 Gloria
1091 2717 1368 2762 confessorum,
1398 2726 1439 2754 ut
1463 2730 1510 2754 ex
1538 2716 1618 2764 ejus
1644 2715 1804 2767 prologo

390 2783 509 2826 patet.
534 2774 618 2827 (R.)

444 2832 502 2885 (2)
534 2836 678 2873 Matth.
699 2847 792 2883 xxv,
810 2836 875 2874 27.
