2054 3450
388 366 463 403 330
901 361 1028 398 VITAE
1055 361 1273 398 PATRUM.

389 454 491 516 ejus
515 452 706 511 accessi,
736 450 819 498 sed
844 448 963 495 nihil
989 448 1048 495 ab
1074 464 1132 495 eo
1159 447 1489 495 collocutionis
1514 446 1681 494 elicere
1708 463 1789 510 po-

390 530 483 590 tui,
524 538 624 576 erat
666 528 792 575 enim
820 526 957 573 valde
990 525 1198 572 defessus
1220 543 1230 570 :
1271 523 1472 585 dehinc,
1514 525 1790 589 interposito

389 607 521 670 quasi
547 606 686 652 unius
710 605 839 652 horae
865 604 1034 668 spatio,
1063 602 1278 667 spiritum
1307 600 1555 647 exhalavit.
1585 602 1791 662 Congre-

389 693 588 746 gataque
606 692 674 729 est
697 681 756 728 ad
779 682 878 745 ejus
891 679 1133 743 exsequias
1148 677 1399 737 multitudo
1421 677 1499 723 illa
1522 676 1793 740 redempto-

390 777 516 821 rum,
542 776 664 823 quos
687 775 828 824 supra
854 758 1076 815 diximus,
1107 756 1167 803 ab
1194 772 1252 803 eo
1281 755 1355 802 vel
1378 771 1405 802 a
1422 754 1538 818 jugo
1561 753 1794 801 servitutis

391 838 464 884 vel
491 853 519 884 a
542 837 737 884 diversis
770 834 940 882 debitis
972 833 1230 893 absolutos,
1260 848 1381 895 quos
1412 830 1486 877 vel
1510 830 1667 878 alebat
1687 828 1795 876 cibo

389 914 462 961 vel
495 914 663 961 vestitu
690 910 888 975 tegebat.
919 909 1211 973 Plangebant
1231 910 1358 956 enim
1381 908 1588 955 dicentes
1616 925 1626 953 ε
1661 925 1684 951 «
1710 906 1796 953 Cui

389 1010 498 1051 nos,
541 996 679 1039 Pater
711 1000 898 1047 sancte,
926 989 1179 1053 relinquis?
1211 1008 1233 1033 ι)
1269 992 1381 1035 Post
1418 987 1519 1034 haec
1548 986 1797 1052 sepulturae

390 1070 588 1126 locatus,
632 1069 799 1133 saepius
841 1084 890 1114 se
932 1067 1188 1114 manifestis
1225 1064 1479 1112 virtutibus
1522 1063 1793 1111 declaravit.

391 1150 508 1195 Nam
530 1147 768 1210 trigesimo
794 1144 855 1193 ab
878 1144 977 1208 ejus
1003 1144 1136 1191 obitu
1161 1143 1261 1202 die,
1292 1159 1402 1190 cum
1427 1141 1487 1188 ad
1514 1142 1612 1205 ejus
1637 1139 1797 1188 tumu-

389 1225 488 1271 lum
513 1224 652 1270 missa
675 1222 1010 1280 celebraretur,
1041 1220 1342 1267 Chaidulfus¹
1365 1218 1559 1283 quidam
1584 1224 1797 1265 contrad-

392 1311 466 1348 tus
485 1300 603 1348 dum
626 1300 794 1363 stipem
822 1298 1041 1363 postulat,
1067 1297 1125 1343 ad
1149 1297 1255 1360 ejus·
1272 1295 1561 1360 sepulturam
1585 1293 1793 1341 accedit:

391 1379 471 1441 qui
496 1377 609 1423 dum
628 1375 798 1440 pallam
811 1374 1156 1439 superpositam
1173 1373 1343 1420 osculis
1363 1379 1632 1431 veneratur,
1646 1369 1798 1416 disso-

391 1455 501 1502 lutis
524 1452 850 1500 membrorum
876 1451 1082 1513 ligaturis
1107 1449 1313 1497 directus
1345 1458 1429 1495 est.
1461 1446 1553 1493 Sed
1578 1455 1624 1492 et
1652 1445 1800 1492 multa

391 1531 481 1578 alia
505 1529 571 1576 ibi
599 1539 728 1592 gesta
751 1528 979 1591 comperi,
1006 1526 1065 1572 de
1089 1525 1261 1589 quibus
1284 1525 1383 1572 haec
1406 1533 1588 1571 tantum
1618 1537 1800 1569 memo-

394 1608 472 1654 riae
495 1605 717 1653 habenda
741 1604 981 1650 mandavi.

957 1778 1113 1812 CAPUT
1136 1778 1238 1813 XVI.

829 1881 881 1913 De
902 1887 1020 1913 sancto
1039 1878 1215 1913 venantio
1234 1878 1372 1912 abbate.

458 1998 726 2045 Solitarium
756 2008 896 2061 atque
929 1997 1170 2060 multiplex
1203 1996 1385 2042 donum
1418 1993 1625 2041 ecclesiis
1650 2008 1803 2057 popu-

396 2075 546 2139 lisque
568 2075 808 2137 terrigenis
833 2075 1032 2121 coelestis
1058 2073 1269 2138 potentia
1294 2082 1496 2137 praestat,
1525 2087 1636 2117 cum
1666 2069 1803 2132 largi-

397 2162 472 2198 tur
501 2153 671 2216 jugiter
709 2151 880 2198 saeculo
924 2168 1023 2198 non
1059 2151 1203 2197 modo
1238 2158 1542 2214 peccatorum
1583 2145 1804 2209 suffraga-

398 2239 551 2289 tores,
607 2246 769 2276 verum
823 2229 960 2275 etiam
1011 2229 1112 2275 vitae
1157 2227 1377 2274 doctores
1420 2233 1624 2282 aeternae3
1677 2222 1807 2286 quod

400 2307 592 2353 unicum
631 2306 854 2366 cernitur,
897 2305 1012 2351 dum
1051 2321 1076 2351 a
1110 2304 1351 2367 majestate
1388 2301 1550 2348 divina
1582 2298 1808 2346 tribuitur

400 2383 665 2448 multiplex3
705 2384 815 2446 quia
859 2383 1040 2428 cunctis
1080 2382 1162 2446 qui
1197 2389 1414 2445 expetere
1439 2377 1699 2436 voluerint,
1741 2373 1807 2422 af-

400 2461 599 2507 fluenter
624 2460 909 2522 indulgetur,
923 2460 1053 2522 juxta
1069 2458 1210 2505 illud:
1241 2478 1263 2501 «
1285 2457 1429 2503 Petite
1446 2465 1491 2502 et
1504 2453 1756 2519 accipietis,
1780 2471 1802 2495 >2

400 2549 446 2585 et
472 2538 666 2602 reliqua.
703 2538 840 2584 Unde
873 2537 1119 2601 vigilanter
1150 2537 1530 2598 incessanterque
1560 2531 1701 2579 debet
1734 2530 1806 2576 in-

403 2616 626 2678 vestigare
652 2631 783 2661 mens
802 2614 1011 2660 humana
1034 2622 1305 2660 sanctorum
1326 2611 1485 2668 vitam,
1514 2618 1561 2654 ut
1585 2607 1679 2654 hoc
1698 2621 1807 2671 pro-

402 2701 569 2738 vocata
590 2691 767 2751 studio,
796 2707 993 2737 accensa
1019 2689 1252 2754 exemplo,
1275 2687 1335 2734 ad
1359 2703 1413 2733 ea
1438 2700 1623 2749 semper
1647 2693 1808 2730 exten-

456 2846 515 2898 (1)
543 2846 643 2884 Editi
664 2847 912 2896 Caidulplzus.
933 2845 1014 2898 (R).
