2132 3510
767 422 991 498 Geoacu
1019 431 1308 489 FLORENTII
1338 430 1600 480 Gnmoml

935 608 1138 644 EPISCOPI
1170 599 1446 636 TURONENSIS

1162 758 1225 789 DE
1302 735 1305 738 ’

532 915 808 979 GLORlA
867 899 1269 969 BEATORUM
1323 877 1857 953 CONFESSORUM

1045 1057 1351 1112 (commun-10.)

1089 1515 1246 1554 CAPUT·
1269 1513 1329 1548 LI.

918 1642 970 1675 De
989 1638 1065 1672 lilio
1083 1633 1232 1682 sepulcri
1251 1628 1360 1666 sancti
1380 1623 1513 1662 Severi.

579 1784 714 1832 Unde
743 1779 894 1845 qualis
925 1774 1065 1822 fuerit
1086 1771 1182 1818 vita
1206 1767 1306 1830 ejus
1329 1765 1377 1810 in
1400 1761 1495 1807 hoc
1520 1753 1709 1811 saeculo,
1734 1751 1799 1796 ita
1823 1750 1926 1794 Do-

515 1866 646 1914 mino
681 1863 967 1922 cooperante
996 1846 1230 1903 clarescit,
1260 1852 1312 1889 ut
1334 1832 1634 1887 evidentibus
1665 1843 1795 1875 nunc
1817 1840 1927 1889 pro-

514 1939 648 2004 digiis
678 1935 964 1997 designetur.
996 1926 1138 1989 Igitur
1162 1921 1331 1977 lilium,
1370 1911 1497 1979 quod
1533 1908 1739 1956 diximus
1776 1901 1837 1950 ab
1871 1915 1929 1946 eo

518 2017 787 2069 collectum,
829 2019 970 2071 atque
1014 2004 1062 2049 in
1102 1998 1295 2047 basilica
1334 1988 1537 2057 sepulcri
1569 1985 1668 2049 ejus
1701 1979 1929 2047 positum,

750 2097 828 2134 nte
865 2094 1100 2146 tempore,
1142 2074 1304 2123 laxatis
1337 2071 1562 2117 deorsum
1596 2062 1770 2108 florum
1791 2053 1931 2110 foliis,

520 2103 744 2160 praetereu

1286 2160 1332 2196 ta
1349 2148 1574 2194 siccatum
1595 2138 1799 2192 videtur,
1825 2139 1876 2178 ut
1899 2129 1939 2175 si

523 2180 684 2220 arente
707 2180 846 2214 coma
868 2156 1139 2208 emarcescit
1166 2173 1177 2200 ι
1199 2162 1246 2199 et
1268 2151 1283 2197 i

525 2247 826 2307 contingatur
850 2253 1014 2294 manu,
1040 2240 1232 2298 putetur
1258 2228 1306 2273 in
1329 2223 1571 2290 pulverem
1598 2209 1834 2275 extemplo

528 2325 664 2382 solvi3
694 2330 939 2379 totumque
963 2325 1144 2359 annum
1167 2307 1215 2353 in
1248 2304 1340 2349 hac
1363 2297 1578 2348 ariditate
1594 2289 1835 2358 perdurat.
1857 2281 1942 2329 Ad-

531 2401 745 2449 veniente
777 2410 891 2441 vero
918 2390 995 2437 die
1021 2402 1118 2451 quo
1145 2381 1387 2430 confessor
1409 2370 1626 2437 migravit
1657 2375 1942 2427 aworpore,

531 2481 579 2525 in
615 2474 824 2523 rediviva
846 2465 1079 2516 viriditate
1103 2457 1326 2521 resurgit3
1357 2451 1614 2513 videasque
1640 2443 1762 2491 soliis
1782 2437 1945 2505 paula-

534 2556 619 2601 tim
645 2540 963 2598 revirentibus
980 2543 1108 2606 ipsos
1134 2538 1275 2584 flores
1300 2529 1473 2587 attolli,
1499 2535 1546 2572 et
1570 2524 1671 2570 sine
1694 2517 1793 2583 uilo
1814 2528 1948 2577 aquae

537 2648 591 2678 ac
623 2628 799 2676 telluris
820 2625 1041 2678 humore,
1064 2618 1113 2664 in
1137 2630 1194 2662 ea
1218 2609 1374 2676 specie
1396 2621 1489 2669 qua
1512 2597 1757 2666 quondam
1779 2593 1946 2646 Fuerat,

539 2705 773 2755 renovari.
804 2705 859 2747 Et
881 2700 946 2746 sic
974 2696 1142 2743 beatus
1166 2688 1408 2738 confessor
1428 2679 1609 2747 profert
1637 2687 1790 2722 novos
1802 2660 1956 2743 ''flpres‘

540 2802 565 2832 e
586 2782 788 2840 tumulo,
814 2778 895 2842 qui
918 2790 1028 2822 cum
1050 2778 1325 2818 sanctorum
1350 2758 1543 2823 reliquis
1565 2763 1618 2802 ut
1633 2747 1793 2817 palma
1813 2744 1968 2809 floret

1855 2222 1938 2254 re-

544 2863 593 2908 in
610 2859 746 2907 coe10.

1993 2030 2132 2203 Α
