2054 3450
394 332 469 367 250
913 333 1040 369 VITAE
1067 333 1285 371 PATRUM.

392 418 617 482 episcopi,
652 420 732 482 qui
766 418 890 466 hanc
923 418 1172 484 epistolam
1193 428 1429 467 extentam
1457 421 1670 483 tenebat3
1707 425 1801 472 ele-

394 510 601 558 vansque
634 511 802 543 manus
831 512 939 542 suas
973 505 1025 542 ut
1057 506 1400 544 sacramentum
1440 498 1589 560 daret,
1633 501 1802 548 cecidit

390 581 647 618 retrorsum
679 573 892 637 supinus,
933 582 979 618 et
1009 572 1178 619 clausis
1208 573 1374 632 oculis,
1410 590 1601 638 spumas
1629 576 1699 624 ab·
1717 594 1800 625 ore

391 650 659 713 projiciens,
678 652 810 714 quasi
826 660 1039 697 mortuus
1054 649 1322 715 putabatur.
1336 654 1623 700 Transeunte
1641 664 1797 702 autem

389 727 522 790 quasi
555 727 758 774 duarum
788 728 1015 774 horarum
1052 729 1226 792 spatio,
1261 728 1444 792 aperuit
1475 729 1638 776 oculos
1665 747 1793 791 suos,

388 803 550 851 dicens
576 824 587 851 ε
619 825 642 849 «
675 808 749 851 Vae
774 805 887 851 mihi
913 806 1025 869 quia
1045 805 1238 869 peccavi
1259 805 1517 852 auferendo
1541 822 1613 852 res
1628 822 1800 872 paupe·

388 880 450 926 ris
488 880 652 944 hujus!
683 903 705 925 »
740 885 796 928 Et
824 882 979 928 statim
1019 882 1175 928 retulit
1222 898 1305 946 per
1345 882 1565 929 ordinem
1599 883 1799 947 qualiter

386 957 606 1020 injuriam
646 959 866 1005 intulerat
896 958 1080 1004 homini
1111 958 1192 1005 illi.
1237 961 1368 1005 Tunc
1401 960 1652 1024 episcopus
1687 977 1798 1009 cum

381 1034 541 1098 judice
564 1035 756 1082 obtenta
788 1035 944 1100 culpa,
972 1051 1027 1082 ea
1048 1045 1230 1082 tantum
1264 1051 1367 1098 quae
1392 1035 1646 1084 abstulerat
1664 1039 1798 1102 inopi

387 1111 611 1170 reddidit,
633 1123 680 1159 et
706 1129 794 1177 pro
818 1113 944 1159 caede
967 1112 1090 1159 duos
1122 1113 1313 1177 insuper
1332 1112 1508 1159 solidos
1531 1113 1728 1171 addidit,
1753 1124 1798 1162 et

385 1189 452 1235 sic
474 1199 671 1254 uterque
686 1206 714 1237 a
731 1190 903 1253 judicis
924 1199 1180 1254 conspectu
1201 1189 1425 1236 discessit.

453 1268 530 1312 40.
576 1269 751 1324 Quanti
782 1283 868 1331 per
898 1266 1029 1313 hunc
1062 1276 1280 1313 sanctum
1311 1266 1532 1313 carcerali
1559 1267 1794 1330 ergastulo

386 1343 581 1389 revincti
611 1343 810 1391 absoluti
839 1344 954 1400 sint,
993 1353 1282 1407 quantorum
1313 1344 1694 1408 compeditorum
1723 1361 1796 1392 ca-

385 1428 504 1465 tenae
537 1421 635 1467 sive
670 1421 925 1486 compedes
956 1421 1048 1466 sint
1079 1420 1354 1479 confractae,
1393 1420 1520 1467 testis
1549 1429 1619 1467 est
1651 1420 1795 1468 hodie

385 1496 534 1543 moles
560 1496 637 1544 illa
665 1498 798 1554 ferri,
824 1514 929 1561 quae
951 1498 999 1543 in
1025 1496 1214 1544 basilica
1237 1497 1338 1559 ejus
1361 1497 1600 1561 aspicitur,
1633 1497 1693 1544 de
1715 1514 1794 1544 su-

386 1573 608 1636 pradictis
641 1574 882 1639 suppliciis
917 1584 1180 1637 aggregata.
1219 1576 1378 1638 Nuper
1414 1583 1573 1620 autem
1597 1574 1644 1619 in
1667 1590 1794 1621 con-

383 1660 546 1714 spectu
574 1651 922 1698 Guntchramni
956 1651 1179 1715 principis
1211 1651 1456 1714 Syagrium
1492 1651 1792 1713 Augustodu-

383 1743 580 1774 nensem
614 1729 891 1793 episcopum
934 1728 1031 1791 regi
1071 1728 1354 1774 referentem
1391 1726 1574 1785 audivi,
1609 1728 1656 1774 in
1698 1744 1794 1775 una

382 1814 522 1851 nocte
545 1806 594 1852 in
620 1816 799 1871 septem
821 1805 1087 1853 civitatibus
1104 1805 1374 1851 carcerariis
1390 1806 1661 1869 apparuisse
1681 1804 1792 1853 bea-

380 1891 484 1930 tum
507 1884 689 1942 virum,
717 1900 892 1948 eosque
922 1882 1179 1930 absolvisse
1201 1881 1263 1929 ab
1293 1882 1550 1944 ergastulo,
1586 1892 1633 1929 et
1660 1882 1792 1930 abire

379 1959 554 2007 liberos
585 1961 871 2024 permisisse3
903 1960 987 2006 sed
1014 1975 1103 2006 nec
1132 1959 1314 2020 judices
1345 1968 1511 2004 contra
1541 1974 1623 2004 eos
1649 1959 1787 2022 quid-

380 2053 523 2100 quam
545 2053 683 2100 agere
705 2037 930 2101 deinceps
951 2036 1051 2082 ausi
1083 2044 1207 2081 sunt.
1246 2038 1314 2081 De
1340 2035 1476 2098 cujus
1504 2035 1720 2099 sepulcro
1749 2036 1785 2082 si

381 2113 674 2173 febricitans,
699 2114 737 2161 si
766 2114 960 2176 frigores
984 2112 1165 2159 habens
1181 2148 1192 2169 ‚
1218 2128 1274 2158 ac
1299 2111 1496 2159 diversis
1524 2111 1702 2159 morbis
1724 2113 1789 2160 la-

378 2189 555 2238 borans
581 2191 697 2255 quid
721 2190 926 2255 pulveris
954 2188 1204 2253 sumpserit
1229 2205 1284 2235 ac
1310 2188 1512 2235 dilutum
1537 2190 1784 2253 acceperit,

379 2284 488 2314 mox
513 2269 677 2333 recipit
701 2268 963 2315 sanitatem.
988 2265 1127 2323 Quod
1149 2282 1247 2312 non
1265 2274 1335 2312 est
1352 2265 1552 2312 dubium
1573 2276 1789 2330 praestare

378 2361 487 2391 eum
512 2346 594 2409 qui
619 2346 683 2393 ait
713 2345 883 2392 sanctis
912 2344 1007 2390 suis
1030 2362 1039 2388 :
1071 2362 1094 2385 «
1114 2343 1288 2389 Omnia
1316 2359 1611 2406 quaecunque
1637 2344 1786 2408 petie-

376 2423 475 2469 ritis
509 2423 557 2469 in
591 2423 786 2470 nomine
814 2437 941 2479 meo,
973 2420 1150 2467 credite
1182 2421 1293 2484 quia
1327 2421 1592 2484 accipietis,
1625 2431 1672 2468 et
1705 2436 1787 2468 ve-

376 2499 508 2546 nient
538 2499 688 2546 vobis.
712 2518 734 2544 ι)

442 2578 519 2623 Μ.
548 2578 690 2640 Igitur
712 2576 840 2641 apud
865 2577 1022 2623 vicum
1047 2575 1462 2622 Prisciniacensem
1486 2575 1614 2623 urbis
1633 2578 1782 2622 Turo-

376 2654 491 2700 nicae
530 2654 725 2701 ecclesia
765 2654 948 2701 dudum
989 2661 1258 2699 constructa
1297 2652 1476 2716 absque
1512 2662 1784 2700 sanctorum

376 2730 651 2794 pignoribus
670 2731 952 2778 habebatur.
971 2731 1189 2791 Cumque
1211 2728 1376 2775 incolae
1395 2729 1486 2776 loci
1506 2729 1784 2794 plerumque

376 2817 587 2871 peterent
629 2818 682 2854 ut
719 2824 824 2855 eam
861 2806 1196 2871 quorumpiam
1233 2815 1504 2853 sanctorum
1545 2805 1782 2853 cineribus
