2054 3450
404 350 480 385 288
917 350 1044 385 vlTAE
1071 350 1291 385 PATRUM.

408 435 607 483 modum
634 436 843 482 cisternae
866 435 1058 492 faciens,
1082 444 1323 482 tenentem
1350 437 1484 499 quasi
1507 437 1675 499 congia
1692 435 1808 495 duo,

408 513 625 579 lymphas
651 512 870 560 divinitus
893 512 982 559 sibi
1003 512 1208 559 indultas
1231 511 1537 576 suscipiebat,
1560 512 1618 559 de
1640 511 1812 575 quibus

408 600 590 637 tantum
629 590 672 637 ei
708 589 1061 637 ministrabatur
1081 606 1167 654 per
1195 589 1294 636 dies
1322 588 1552 651 singulos,
1580 600 1809 653 quantum

407 668 495 732 ipsi
520 684 764 732 pueroque
787 667 1022 714 sufficeret
1044 667 1126 731 qui
1149 667 1191 713 ei
1214 666 1423 712 minister
1444 665 1594 713 fuerat
1613 665 1767 714 datus.

468 746 518 792 3.
556 746 841 792 Accessimus
866 753 1023 791 autem
1056 752 1103 790 et
1138 759 1225 789 nos
1260 742 1321 789 ad
1354 742 1512 789 locum
1536 758 1646 790 cum
1670 741 1812 790 beato

407 822 541 868 Avito
567 822 809 886 episcopo,
842 831 887 868 et
918 821 1079 868 omnia
1117 836 1220 884 quae
1255 819 1566 872 narravimus,
1597 818 1814 883 quaedam

404 897 465 945 ab
496 898 600 962 ipso
636 898 779 945 relata
811 898 1139 961 cognovimuS,
1178 896 1396 961 quaedam
1431 895 1581 943 oculis
1611 895 1816 960 propriis

404 975 709 1040 inspeximus.
737 979 773 1022 A
802 984 1064 1022 memorato
1101 983 1258 1021 autem
1286 972 1511 1038 pontifice
1536 972 1816 1020 diaconatus

405 1068 460 1099 ac
484 1051 760 1116 presbyterii
785 1052 976 1099 sortitus
1001 1061 1069 1099 est
1092 1050 1290 1115 gradum
1324 1070 1334 1097 z
1367 1049 1515 1097 multa
1540 1049 1721 1114 populo
1743 1048 1817 1095 di-

406 1129 550 1176 versis
585 1139 753 1177 vexato
786 1128 967 1176 morbis
1003 1128 1210 1175 remedia
1242 1127 1458 1175 contulit.
1499 1127 1623 1173 Nulli
1658 1136 1816 1173 tamen

403 1205 621 1254 cellulam
659 1223 871 1270 egressus
908 1223 957 1253 se
990 1205 1191 1271 praebuit
1230 1203 1678 1268 contemplandum,
1726 1203 1817 1250 nisi

405 1295 588 1333 tantum
624 1303 706 1349 per
742 1286 1031 1334 fenestellam
1072 1283 1329 1332 extendens
1375 1299 1571 1330 manum
1616 1283 1817 1330 salutare

404 1363 698 1426 signaculum
739 1362 1040 1429 imponebat,
1085 1372 1131 1409 et
1171 1362 1209 1408 si
1246 1378 1275 1408 a
1317 1376 1560 1424 quoquam
1605 1360 1818 1406 visitatus

406 1440 582 1500 fuisset,
609 1441 671 1488 ad
693 1441 818 1488 hanc
841 1440 1071 1487 accedens
1102 1440 1341 1504 speculam
1376 1438 1641 1485 orationem
1667 1435 1818 1483 collo-

404 1518 668 1582 quiumque
690 1517 947 1583 praebebat.
972 1517 1189 1581 Denique
1205 1515 1253 1562 in
1267 1515 1362 1562 ihac
1379 1514 1604 1578 religione
1627 1530 1818 1561 cursum

405 1597 509 1643 vitae
531 1613 891 1657 consummans,
927 1596 1012 1643 aevi
1043 1611 1171 1643 anno
1194 1593 1611 1659 quinquagesimo,
1638 1601 1693 1638 ut
1715 1590 1817 1656 opi-

407 1690 515 1734 nor,
543 1674 760 1738 migravit
783 1673 843 1721 ad
868 1674 1148 1720 Dominum.

978 1849 1133 1885 CAPUT
1157 1847 1243 1885 XII.

602 1953 652 1987 De
671 1961 791 1987 sancto
809 1950 996 1986 AEmiliano
1014 1949 1179 1993 eremita,
1199 1956 1233 1983 et
1250 1945 1448 1983 Brachione
1466 1944 1592 1980 abbate
1603 1945 1628 1981 ¹.

473 2074 719 2130 Quantum
735 2069 989 2134 ‘disciplina
1015 2066 1214 2115 coelestis
1234 2082 1284 2113 se
1303 2062 1679 2112 custodientibus
1700 2076 1818 2126 prae·

408 2148 535 2209 beat,
570 2157 898 2212 quantumque
932 2162 1031 2192 non
1063 2143 1297 2192 custodita
1326 2139 1670 2204 negligentibus
1696 2138 1817 2184 irro-

410 2242 518 2288 gare
556 2224 743 2283 debeat‚
782 2240 869 2288 per
905 2240 959 2269 os
1004 2219 1361 2286 Psalmographi
1393 2219 1593 2283 Spiritus
1633 2223 1821 2262 sanctus

409 2302 607 2368 pandit:
642 2323 664 2345 α
688 2300 1055 2367 Apprehendite‚
1086 2298 1257 2362 inquit,
1285 2295 1582 2360 disciplinam
1605 2307 1820 2356 nequan-

411 2381 474 2427 do
519 2381 747 2427 irascatur
780 2378 1015 2426 Dominus
1044 2386 1091 2423 et
1126 2375 1326 2441 pereatis
1359 2390 1388 2421 a
1425 2373 1498 2419 via
1527 2372 1668 2436 justa.
1686 2390 1717 2414 ο)
1751 2372 1822 2415 De

411 2458 553 2505 bonis
595 2467 755 2506 autem
794 2456 1019 2503 Salomon
1061 2453 1126 2501 ait
1164 2471 1176 2499 ε
1217 2471 1240 2497 «
1273 2450 1531 2515 Disciplina
1566 2448 1695 2514 pacis
1710 2445 1823 2501 oerit

395 2552 555 2600 §super
583 2551 713 2582 eum.
738 2554 760 2577 »
794 2532 1055 2597 Disciplina
1093 2529 1338 2594 ergo⁵>haec
1376 2528 1602 2582 timorem,
1629 2521 1822 2570 Domini

414 2613 540 2671 facit,
575 2612 721 2659 timor
751 2619 915 2657 autem*
932 2607 1126 2654 Domini
1158 2605 1344 2652 initium
1369 2601 1605 2668 sapientiae
1625 2597 1819 2664 praebet,

416 2688 646 2752 sapientia
676 2675 791 2734 vero
824 2684 1016 2751 diligere
1045 2686 1198 2730 Deum
1226 2681 1367 2728 docet
1397 2696 1409 2724 ε
1443 2677 1632 2724 dilectio
1664 2684 1822 2722 autem

860 2850 874 2877 .·
886 2823 893 2858 Ἰ·
904 2841 963 2875 De
983 2840 1186 2875 AEmilz‘ano
1206 2843 1244 2871 et
1260 2833 1469 2872 Brachione
1487 2827 1695 2868 abbatibus.
1720 2825 1810 2887 (R.)—
