2054 3450
409 350 484 387 198
706 339 717 347 *
923 348 1051 385 vrrAE
1077 346 1297 385 PATRUM.

407 436 564 499 largiri
586 434 857 498 dignabitur
879 453 892 482 z
915 445 969 482 tu
991 451 1107 500 vero
1129 450 1240 482 cum
1260 449 1338 480 me
1359 433 1512 481 redire
1530 433 1590 480 de
1612 449 1814 498 praesen·

406 513 471 560 tia
485 513 606 576 regis
620 511 842 573 audieris,
860 513 1020 578 accipe
1030 527 1208 576 equum
1221 509 1477 557 decessoris
1488 510 1582 557 mei
1595 519 1812 569 stratum,

406 598 453 634 et
468 588 714 652 egrediens
733 598 777 635 te
795 589 842 635 in
865 588 1060 636 obviam
1082 586 1252 634 exhibe
1275 585 1408 632 mihi.
1431 585 1575 645 Quod
1597 587 1635 633 si
1651 585 1816 633 audire

406 665 692 730 despexeris,
714 681 825 713 cave
839 683 901 714 ne
916 676 963 713 te
974 666 1021 712 in
1041 675 1284 730 posterum
1297 662 1539 727 poeniteat.
1564 664 1817 727 »Cumque

406 741 506 789 haec
537 741 833 806 loqueretur,
875 760 1017 808 super
1052 741 1276 790 lectulum
1315 738 1649 787 decumbebat.
1685 742 1817 787 Tune

407 820 552 866 iratus
585 828 750 866 contra
779 836 890 866 eum
919 819 1135 879 clericus,
1171 834 1282 864 cum
1313 816 1460 863 multa
1490 813 1812 880 exprobraret,

406 895 573 943 elisum
601 912 743 960 super
766 897 1001 960 spondam
1022 896 1132 944 lecti
1149 897 1271 943 latus
1294 894 1394 958 ejus
1419 892 1551 954 laesit,
1575 890 1816 939 turbidus-

406 987 502 1034 que
525 971 753 1018 discessit.
781 974 890 1029 Quo
912 971 1202 1029 discedente,
1230 970 1295 1018 ait
1318 972 1598 1034 Impetratus
1622 966 1818 1033 presby·

406 1057 477 1094 ter
494 1047 557 1094 ad
578 1046 772 1095 beatum
796 1049 979 1096 Gallum
1004 1066 1015 1094 :
1044 1069 1066 1091 α
1094 1047 1229 1103 Audi,
1256 1045 1340 1107 fili,
1363 1044 1612 1093 consilium
1634 1060 1814 1092 meum.

408 1124 516 1171 Noli
541 1126 729 1190 penitus
757 1125 1013 1185 retardare,
1044 1125 1128 1172 sed
1159 1124 1281 1172 vade
1306 1123 1367 1171 ad
1395 1139 1552 1187 regem
1580 1132 1628 1170 et
1652 1123 1820 1170 nuntia

406 1202 449 1248 ei
472 1219 577 1266 quae
599 1202 679 1250 hic
697 1203 1002 1266 contigerint3
1022 1212 1068 1250 et
1084 1202 1123 1249 si
1139 1202 1179 1249 ei
1197 1201 1396 1264 inspirat
1410 1199 1645 1246 Dominus
1663 1208 1716 1246 ut
1734 1198 1819 1246 tibi

407 1277 499 1325 hoc
516 1278 830 1326 sacerdotium
849 1279 1086 1342 largiatur,
1110 1293 1303 1342 magnas
1322 1279 1424 1323 Deo
1439 1275 1696 1323 referemus
1715 1290 1818 1338 gra-

406 1355 519 1416 tias3
545 1356 616 1402 sin
639 1355 786 1415 aliud,
811 1356 887 1403 vel
911 1357 953 1403 ei
976 1357 1058 1421 qui
1078 1355 1322 1402 ordinatus
1347 1354 1483 1401 suerit
1505 1353 1817 1400 commenda-

405 1430 547 1478 beris.
571 1451 594 1477 υ
617 1432 698 1479 Ille
715 1449 829 1480 vero
852 1433 1033 1495 abiens,
1059 1449 1164 1496 quae
1180 1432 1240 1479 de
1257 1430 1400 1478 beato
1422 1430 1680 1488 Quintiano
1700 1445 1817 1476 con-

407 1508 605 1570 tigerant
638 1510 735 1572 regi
773 1510 1024 1557 nuntiavit.
1071 1512 1202 1555 Tunc
1244 1508 1386 1555 etiam
1429 1516 1475 1553 et
1519 1505 1819 1571 Aprunculus

405 1587 716 1632 Treverorum
746 1586 998 1651 episcopus
1029 1586 1232 1644 transiit3
1267 1584 1634 1647 congregatique
1661 1582 1819 1630 clerici

409 1662 608 1708 civitatis
621 1661 744 1708 illius
760 1662 822 1710 ad
834 1662 1178 1710 Theodericum
1194 1678 1371 1724 regem,
1393 1670 1611 1708 sanctum
1627 1659 1818 1708 Gallum

409 1737 638 1803 petebant
662 1738 959 1803 episcopum.
988 1739 1173 1797 Quibus
1206 1739 1280 1786 ille
1310 1738 1408 1785 ait:
1443 1757 1466 1782 «
1494 1735 1739 1784 Abscedite
1772 1746 1818 1784 et

409 1813 555 1861 alium
590 1814 832 1877 requirite,
863 1815 1051 1862 Gallum
1077 1815 1206 1862 enim
1235 1814 1492 1862 diaconum
1525 1812 1639 1860 alibi
1661 1811 1818 1861 habeo

407 1889 712 1936 destinatum.
738 1909 760 1933 n
795 1893 927 1937 Tunc
957 1891 1180 1953 eligentes
1206 1899 1423 1937 sanctum
1454 1889 1685 1937 Nicetium
1715 1889 1815 1955 epi-

406 1982 606 2031 scopum
642 1977 928 2031 acceperuut
953 1985 964 2013 :
997 1967 1189 2014 Arverni
1218 1983 1332 2013 vero
1363 1966 1521 2013 clerici
1554 1982 1664 2012 cum
1695 1981 1815 2012 con-

408 2045 569 2090 sensu²
606 2043 930 2108 insipientium
969 2043 1092 2091 facto
1136 2053 1183 2090 et
1219 2042 1378 2089 multis
1415 2041 1715 2104 muneribus,
1754 2040 1816 2088 ad

409 2136 565 2182 regem
588 2129 836 2167 venerunt.
863 2122 967 2167 Jam
992 2129 1103 2166 tunc
1125 2136 1317 2183 germen
1340 2118 1458 2166 illud
1480 2119 1696 2181 iniquum
1720 2134 1815 2165 coe-

408 2206 540 2261 perat
564 2196 860 2256 fructificare,
882 2206 934 2243 ut
951 2196 1269 2244 sacerdotium
1290 2205 1372 2243 aut
1390 2195 1674 2243 venderetur
1694 2210 1724 2242 a
1743 2210 1815 2242 re-

407 2270 558 2334 gibus,
591 2280 671 2318 aut
693 2281 1051 2336 compararetur
1073 2287 1101 2318 a
1127 2271 1323 2319 clericis.
1353 2274 1484 2318 Tunc
1506 2272 1541 2318 ii
1565 2270 1765 2318 audiunt
1788 2285 1818 2317 a

407 2363 532 2411 rege,
549 2347 681 2411 quod
694 2359 910 2395 sanctum
926 2347 1116 2395 Gallum
1128 2348 1335 2396 habituri
1351 2357 1505 2395 essent
1517 2348 1812 2413 episcopum.

407 2426 562 2482 Quem
590 2424 919 2489 presbyterum
951 2425 1223 2472 ordinatum
1247 2425 1385 2489 jussit
1412 2440 1491 2472 rex
1516 2435 1585 2487 ut,
1614 2425 1736 2472 datis
1755 2424 1816 2472 de

408 2499 600 2564 publico
635 2503 868 2567 expensis,
913 2502 1037 2549 cives
1075 2502 1385 2550 invitar'entur
1421 2501 1483 2548 ad
1517 2501 1730 2567 epulum,
1768 2511 1814 2549 et

406 2576 678 2625 laetarentur
698 2578 762 2626 ob
785 2578 1020 2625 honorem
1042 2579 1163 2626 Galli
1184 2579 1325 2625 futuri
1341 2579 1568 2643 episcopi.
1589 2577 1733 2636 Quod
1750 2578 1815 2625 ita

407 2652 581 2700 factum
606 2665 692 2701 est.
721 2659 839 2701 Nam
861 2655 1034 2702 referre
1058 2665 1159 2703 erat
1182 2654 1348 2702 solitus
1376 2671 1473 2702 non
1498 2655 1700 2720 amplius
1723 2655 1816 2702 do-

463 2818 500 2854 li
530 2815 574 2852 Id
592 2824 648 2854 est
665 2816 916 2856 instrumento
935 2818 1144 2858 electionis,
1164 2816 1248 2870 (R.)

2045 1293 2054 1445 ἐ

2040 1471 2054 1730 3
