<?xml version="1.0" encoding="UTF-8"?>
<!DOCTYPE html PUBLIC "-//W3C//DTD XHTML 1.0 Transitional//EN"
    "http://www.w3.org/TR/xhtml1/DTD/xhtml1-transitional.dtd">
<html xmlns="http://www.w3.org/1999/xhtml" xml:lang="en" lang="en">
 <head>
  <title>
</title>
<meta http-equiv="Content-Type" content="text/html;charset=utf-8" />
  <meta name='ocr-system' content='tesseract 3.04.00' />
  <meta name='ocr-capabilities' content='ocr_page ocr_carea ocr_par ocr_line ocrx_word'/>
</head>
<body>
  <div class='ocr_page' id='page_1' title='image "./leslivresdesmira03greguoft_0356.png"; bbox 0 0 2054 3450; ppageno 0'>
   <div class='ocr_carea' id='block_1_1' title="bbox 444 372 1331 411">
    <p class='ocr_par' dir='ltr' id='par_1_1' title="bbox 444 372 1331 411">
     <span class='ocr_line' id='line_1_1' title="bbox 444 372 1331 411; baseline 0.001 -2"><span class='ocrx_word' id='word_1_1' title='bbox 444 374 519 411; x_wconf 71' lang='lat'>340</span> <span class='ocrx_word' id='word_1_2' title='bbox 958 373 1085 408; x_wconf 80' lang='lat' dir='ltr'>VtTAE</span> <span class='ocrx_word' id='word_1_3' title='bbox 1112 372 1331 410; x_wconf 84' lang='lat' dir='ltr'>PATRUM.</span> 
     </span>
    </p>
   </div>
   <div class='ocr_carea' id='block_1_2' title="bbox 438 458 1853 2034">
    <p class='ocr_par' dir='ltr' id='par_1_2' title="bbox 438 458 1849 660">
     <span class='ocr_line' id='line_1_2' title="bbox 440 458 1845 523; baseline 0 -16"><span class='ocrx_word' id='word_1_4' title='bbox 440 459 755 520; x_wconf 85' lang='lat' dir='ltr'>detestabiles,</span> <span class='ocrx_word' id='word_1_5' title='bbox 795 468 841 506; x_wconf 93' lang='lat' dir='ltr'>et</span> <span class='ocrx_word' id='word_1_6' title='bbox 873 460 1015 506; x_wconf 89' lang='lat' dir='ltr'>nolite</span> <span class='ocrx_word' id='word_1_7' title='bbox 1042 459 1265 507; x_wconf 87' lang='lat' dir='ltr'>accedere</span> <span class='ocrx_word' id='word_1_8' title='bbox 1290 458 1352 506; x_wconf 93' lang='lat' dir='ltr'>ad</span> <span class='ocrx_word' id='word_1_9' title='bbox 1373 459 1532 507; x_wconf 87' lang='lat' dir='ltr'>locum</span> <span class='ocrx_word' id='word_1_10' title='bbox 1559 460 1606 506; x_wconf 91' lang='lat' dir='ltr'>in</span> <span class='ocrx_word' id='word_1_11' title='bbox 1633 476 1730 523; x_wconf 92' lang='lat' dir='ltr'>quo</span> <span class='ocrx_word' id='word_1_12' title='bbox 1758 477 1845 507; x_wconf 76' lang='lat' dir='ltr'>no-</span> 
     </span>
     <span class='ocr_line' id='line_1_3' title="bbox 442 535 1849 583; baseline 0 -1"><span class='ocrx_word' id='word_1_13' title='bbox 442 554 549 583; x_wconf 88' lang='lat' dir='ltr'>men</span> <span class='ocrx_word' id='word_1_14' title='bbox 582 537 772 583; x_wconf 87' lang='lat' dir='ltr'>Domini</span> <span class='ocrx_word' id='word_1_15' title='bbox 805 537 1066 583; x_wconf 83' lang='lat' dir='ltr'>invocatur.</span> <span class='ocrx_word' id='word_1_16' title='bbox 1091 555 1112 580; x_wconf 75' lang='grc' dir='ltr'><strong>υ</strong></span> <span class='ocrx_word' id='word_1_17' title='bbox 1129 539 1236 583; x_wconf 85' lang='lat' dir='ltr'>Haec</span> <span class='ocrx_word' id='word_1_18' title='bbox 1260 553 1317 582; x_wconf 91' lang='lat' dir='ltr'>eo</span> <span class='ocrx_word' id='word_1_19' title='bbox 1341 535 1526 582; x_wconf 83' lang='lat' dir='ltr'>dicente</span> <span class='ocrx_word' id='word_1_20' title='bbox 1548 537 1667 583; x_wconf 88' lang='lat' dir='ltr'>sicut</span> <span class='ocrx_word' id='word_1_21' title='bbox 1692 537 1849 583; x_wconf 85' lang='lat' dir='ltr'>fumus</span> 
     </span>
     <span class='ocr_line' id='line_1_4' title="bbox 438 623 746 660; baseline 0 0"><span class='ocrx_word' id='word_1_22' title='bbox 438 623 746 660; x_wconf 88' lang='lat' dir='ltr'>evanuerunt.</span> 
     </span>
    </p>

    <p class='ocr_par' dir='ltr' id='par_1_3' title="bbox 438 688 1853 2034">
     <span class='ocr_line' id='line_1_5' title="bbox 504 688 1845 754; baseline 0.001 -18"><span class='ocrx_word' id='word_1_23' title='bbox 504 691 550 736; x_wconf 80' lang='lat'>4.</span> <span class='ocrx_word' id='word_1_24' title='bbox 582 690 661 736; x_wconf 90' lang='lat' dir='ltr'>His</span> <span class='ocrx_word' id='word_1_25' title='bbox 682 699 727 736; x_wconf 91' lang='lat' dir='ltr'>et</span> <span class='ocrx_word' id='word_1_26' title='bbox 744 690 916 737; x_wconf 87' lang='lat' dir='ltr'>talibus</span> <span class='ocrx_word' id='word_1_27' title='bbox 932 690 1154 736; x_wconf 89' lang='lat' dir='ltr'>virtutum</span> <span class='ocrx_word' id='word_1_28' title='bbox 1178 705 1456 751; x_wconf 81' lang='lat' dir='ltr'>magnarum</span> <span class='ocrx_word' id='word_1_29' title='bbox 1477 688 1624 752; x_wconf 83' lang='lat' dir='ltr'>gratia</span> <span class='ocrx_word' id='word_1_30' title='bbox 1645 688 1845 754; x_wconf 89' lang='lat' dir='ltr'>pollens,</span> 
     </span>
     <span class='ocr_line' id='line_1_6' title="bbox 440 765 1849 831; baseline 0 -19"><span class='ocrx_word' id='word_1_31' title='bbox 440 765 633 830; x_wconf 82' lang='lat' dir='ltr'>impleto</span> <span class='ocrx_word' id='word_1_32' title='bbox 667 766 766 812; x_wconf 77' lang='lat' dir='ltr'>vitae</span> <span class='ocrx_word' id='word_1_33' title='bbox 799 766 1038 831; x_wconf 84' lang='lat' dir='ltr'>praesentis</span> <span class='ocrx_word' id='word_1_34' title='bbox 1070 766 1334 824; x_wconf 86' lang='lat' dir='ltr'>curriculo,</span> <span class='ocrx_word' id='word_1_35' title='bbox 1373 766 1513 812; x_wconf 84' lang='lat' dir='ltr'>vitam</span> <span class='ocrx_word' id='word_1_36' title='bbox 1542 775 1849 829; x_wconf 87' lang='lat' dir='ltr'>percepturus</span> 
     </span>
     <span class='ocr_line' id='line_1_7' title="bbox 438 841 1848 905; baseline -0.001 -16"><span class='ocrx_word' id='word_1_37' title='bbox 438 852 661 889; x_wconf 83' lang='lat' dir='ltr'>aeternam</span> <span class='ocrx_word' id='word_1_38' title='bbox 701 843 891 889; x_wconf 85' lang='lat' dir='ltr'>emicuit</span> <span class='ocrx_word' id='word_1_39' title='bbox 931 841 1130 902; x_wconf 81' lang='lat' dir='ltr'>saeculo,</span> <span class='ocrx_word' id='word_1_40' title='bbox 1178 842 1311 903; x_wconf 85' lang='lat' dir='ltr'>cujus</span> <span class='ocrx_word' id='word_1_41' title='bbox 1348 841 1541 888; x_wconf 85' lang='lat' dir='ltr'>beatum</span> <span class='ocrx_word' id='word_1_42' title='bbox 1581 841 1848 905; x_wconf 87' lang='lat' dir='ltr'>sepulcrum</span> 
     </span>
     <span class='ocr_line' id='line_1_8' title="bbox 440 919 1850 983; baseline -0.001 -16"><span class='ocrx_word' id='word_1_43' title='bbox 440 921 778 968; x_wconf 82' lang='lat' dir='ltr'>miraculorum</span> <span class='ocrx_word' id='word_1_44' title='bbox 821 921 1067 967; x_wconf 78' lang='lat' dir='ltr'>illustrium</span> <span class='ocrx_word' id='word_1_45' title='bbox 1114 920 1283 966; x_wconf 79' lang='lat' dir='ltr'>effectu</span> <span class='ocrx_word' id='word_1_46' title='bbox 1325 920 1602 983; x_wconf 87' lang='lat' dir='ltr'>plerumque</span> <span class='ocrx_word' id='word_1_47' title='bbox 1637 919 1850 966; x_wconf 85' lang='lat' dir='ltr'>redditur</span> 
     </span>
     <span class='ocr_line' id='line_1_9' title="bbox 438 997 1847 1062; baseline 0 -18"><span class='ocrx_word' id='word_1_48' title='bbox 438 998 713 1062; x_wconf 86' lang='lat' dir='ltr'>gloriosum.</span> <span class='ocrx_word' id='word_1_49' title='bbox 742 997 1078 1061; x_wconf 76' lang='lat' dir='ltr'>Mascarpionis</span> <span class='ocrx_word' id='word_1_50' title='bbox 1102 998 1221 1044; x_wconf 85' lang='lat' dir='ltr'>servi</span> <span class='ocrx_word' id='word_1_51' title='bbox 1251 997 1395 1060; x_wconf 80' lang='lat' dir='ltr'>ipsius</span> <span class='ocrx_word' id='word_1_52' title='bbox 1424 997 1695 1043; x_wconf 85' lang='lat' dir='ltr'>monasterii</span> <span class='ocrx_word' id='word_1_53' title='bbox 1716 1013 1847 1044; x_wconf 87' lang='lat' dir='ltr'>men-</span> 
     </span>
     <span class='ocr_line' id='line_1_10' title="bbox 440 1073 1849 1138; baseline -0.001 -17"><span class='ocrx_word' id='word_1_54' title='bbox 440 1084 535 1122; x_wconf 88' lang='lat' dir='ltr'>tem</span> <span class='ocrx_word' id='word_1_55' title='bbox 566 1075 755 1138; x_wconf 88' lang='lat' dir='ltr'>iniquus</span> <span class='ocrx_word' id='word_1_56' title='bbox 789 1074 975 1121; x_wconf 86' lang='lat' dir='ltr'>daemon</span> <span class='ocrx_word' id='word_1_57' title='bbox 1003 1073 1272 1131; x_wconf 87' lang='lat' dir='ltr'>obsederat,</span> <span class='ocrx_word' id='word_1_58' title='bbox 1302 1073 1383 1135; x_wconf 81' lang='lat' dir='ltr'>qui</span> <span class='ocrx_word' id='word_1_59' title='bbox 1410 1090 1492 1137; x_wconf 84' lang='lat' dir='ltr'>per</span> <span class='ocrx_word' id='word_1_60' title='bbox 1518 1074 1662 1120; x_wconf 81' lang='lat' dir='ltr'>trium</span> <span class='ocrx_word' id='word_1_61' title='bbox 1694 1089 1849 1121; x_wconf 90' lang='lat' dir='ltr'>anno-</span> 
     </span>
     <span class='ocr_line' id='line_1_11' title="bbox 440 1150 1849 1215; baseline 0.001 -18"><span class='ocrx_word' id='word_1_62' title='bbox 440 1168 544 1198; x_wconf 91' lang='lat' dir='ltr'>rum</span> <span class='ocrx_word' id='word_1_63' title='bbox 585 1151 819 1198; x_wconf 88' lang='lat' dir='ltr'>curricula</span> <span class='ocrx_word' id='word_1_64' title='bbox 865 1167 1209 1215; x_wconf 85' lang='lat' dir='ltr'>energumenus</span> <span class='ocrx_word' id='word_1_65' title='bbox 1252 1150 1427 1211; x_wconf 84' lang='lat' dir='ltr'>factus,</span> <span class='ocrx_word' id='word_1_66' title='bbox 1479 1150 1540 1197; x_wconf 90' lang='lat' dir='ltr'>ad</span> <span class='ocrx_word' id='word_1_67' title='bbox 1578 1150 1849 1214; x_wconf 89' lang='lat' dir='ltr'>sepulcrum</span> 
     </span>
     <span class='ocr_line' id='line_1_12' title="bbox 439 1226 1845 1289; baseline -0.001 -15"><span class='ocrx_word' id='word_1_68' title='bbox 439 1227 563 1275; x_wconf 89' lang='lat' dir='ltr'>beati</span> <span class='ocrx_word' id='word_1_69' title='bbox 587 1229 672 1275; x_wconf 90' lang='lat' dir='ltr'>viri</span> <span class='ocrx_word' id='word_1_70' title='bbox 701 1228 1017 1284; x_wconf 86' lang='lat' dir='ltr'>debacchans,</span> <span class='ocrx_word' id='word_1_71' title='bbox 1048 1227 1241 1274; x_wconf 87' lang='lat' dir='ltr'>tandem</span> <span class='ocrx_word' id='word_1_72' title='bbox 1277 1229 1375 1289; x_wconf 89' lang='lat' dir='ltr'>ejus</span> <span class='ocrx_word' id='word_1_73' title='bbox 1399 1237 1490 1285; x_wconf 82' lang='lat' dir='ltr'>est,</span> <span class='ocrx_word' id='word_1_74' title='bbox 1520 1236 1569 1273; x_wconf 90' lang='lat' dir='ltr'>ut</span> <span class='ocrx_word' id='word_1_75' title='bbox 1592 1226 1845 1284; x_wconf 86' lang='lat' dir='ltr'>credimus,</span> 
     </span>
     <span class='ocr_line' id='line_1_13' title="bbox 439 1302 1851 1368; baseline 0 -18"><span class='ocrx_word' id='word_1_76' title='bbox 439 1305 653 1351; x_wconf 84' lang='lat' dir='ltr'>oratioue</span> <span class='ocrx_word' id='word_1_77' title='bbox 687 1308 836 1367; x_wconf 90' lang='lat' dir='ltr'>ejecto</span> <span class='ocrx_word' id='word_1_78' title='bbox 863 1303 1079 1350; x_wconf 87' lang='lat' dir='ltr'>daemone</span> <span class='ocrx_word' id='word_1_79' title='bbox 1100 1312 1398 1367; x_wconf 72' lang='lat' dir='ltr'>expurgatuS,</span> <span class='ocrx_word' id='word_1_80' title='bbox 1429 1302 1603 1350; x_wconf 89' lang='lat' dir='ltr'>multos</span> <span class='ocrx_word' id='word_1_81' title='bbox 1629 1303 1851 1368; x_wconf 89' lang='lat' dir='ltr'>deinceps</span> 
     </span>
     <span class='ocr_line' id='line_1_14' title="bbox 442 1379 1850 1443; baseline 0 -18"><span class='ocrx_word' id='word_1_82' title='bbox 442 1390 597 1427; x_wconf 89' lang='lat' dir='ltr'>mente</span> <span class='ocrx_word' id='word_1_83' title='bbox 634 1382 810 1442; x_wconf 85' lang='lat' dir='ltr'>integra</span> <span class='ocrx_word' id='word_1_84' title='bbox 834 1381 996 1426; x_wconf 84' lang='lat' dir='ltr'>vivens</span> <span class='ocrx_word' id='word_1_85' title='bbox 1019 1396 1186 1426; x_wconf 84' lang='lat' dir='ltr'>annos.</span> <span class='ocrx_word' id='word_1_86' title='bbox 1215 1379 1386 1427; x_wconf 89' lang='lat' dir='ltr'>Juliani</span> <span class='ocrx_word' id='word_1_87' title='bbox 1412 1380 1583 1442; x_wconf 87' lang='lat' dir='ltr'>conjux</span> <span class='ocrx_word' id='word_1_88' title='bbox 1612 1390 1850 1443; x_wconf 87' lang='lat' dir='ltr'>quartauae</span> 
     </span>
     <span class='ocr_line' id='line_1_15' title="bbox 442 1455 1850 1519; baseline -0.001 -16"><span class='ocrx_word' id='word_1_89' title='bbox 442 1456 580 1503; x_wconf 79' lang='lat' dir='ltr'>febris</span> <span class='ocrx_word' id='word_1_90' title='bbox 610 1472 809 1503; x_wconf 87' lang='lat' dir='ltr'>accensu</span> <span class='ocrx_word' id='word_1_91' title='bbox 843 1455 1086 1511; x_wconf 87' lang='lat' dir='ltr'>laborans,</span> <span class='ocrx_word' id='word_1_92' title='bbox 1116 1465 1165 1501; x_wconf 85' lang='lat' dir='ltr'>ut</span> <span class='ocrx_word' id='word_1_93' title='bbox 1192 1456 1459 1519; x_wconf 80' lang='lat' dir='ltr'>sepulcrum</span> <span class='ocrx_word' id='word_1_94' title='bbox 1486 1455 1610 1502; x_wconf 88' lang='lat' dir='ltr'>beati</span> <span class='ocrx_word' id='word_1_95' title='bbox 1634 1456 1721 1502; x_wconf 88' lang='lat' dir='ltr'>viri</span> <span class='ocrx_word' id='word_1_96' title='bbox 1744 1456 1850 1504; x_wconf 88' lang='lat' dir='ltr'>atti-</span> 
     </span>
     <span class='ocr_line' id='line_1_16' title="bbox 440 1531 1850 1596; baseline 0.001 -18"><span class='ocrx_word' id='word_1_97' title='bbox 440 1532 528 1595; x_wconf 75' lang='lat' dir='ltr'>git,</span> <span class='ocrx_word' id='word_1_98' title='bbox 558 1549 830 1596; x_wconf 85' lang='lat' dir='ltr'>compresso</span> <span class='ocrx_word' id='word_1_99' title='bbox 870 1532 1039 1579; x_wconf 85' lang='lat' dir='ltr'>ardore</span> <span class='ocrx_word' id='word_1_100' title='bbox 1077 1548 1131 1578; x_wconf 85' lang='lat' dir='ltr'>ac</span> <span class='ocrx_word' id='word_1_101' title='bbox 1163 1541 1366 1578; x_wconf 84' lang='lat' dir='ltr'>tremore</span> <span class='ocrx_word' id='word_1_102' title='bbox 1399 1531 1661 1596; x_wconf 86' lang='lat' dir='ltr'>corporali,</span> <span class='ocrx_word' id='word_1_103' title='bbox 1689 1543 1850 1580; x_wconf 85' lang='lat' dir='ltr'>sanata</span> 
     </span>
     <span class='ocr_line' id='line_1_17' title="bbox 440 1608 1852 1657; baseline 0.001 -3"><span class='ocrx_word' id='word_1_104' title='bbox 440 1608 667 1655; x_wconf 84' lang='lat' dir='ltr'>discessit.</span> <span class='ocrx_word' id='word_1_105' title='bbox 706 1609 851 1655; x_wconf 88' lang='lat' dir='ltr'>Simili</span> <span class='ocrx_word' id='word_1_106' title='bbox 895 1619 1020 1655; x_wconf 84' lang='lat' dir='ltr'>sorte</span> <span class='ocrx_word' id='word_1_107' title='bbox 1059 1618 1105 1655; x_wconf 93' lang='lat' dir='ltr'>et</span> <span class='ocrx_word' id='word_1_108' title='bbox 1148 1609 1463 1655; x_wconf 88' lang='lat' dir='ltr'>Baudimundi</span> <span class='ocrx_word' id='word_1_109' title='bbox 1507 1626 1624 1656; x_wconf 81' lang='lat' dir='ltr'>uxor</span> <span class='ocrx_word' id='word_1_110' title='bbox 1664 1609 1725 1656; x_wconf 89' lang='lat' dir='ltr'>ab</span> <span class='ocrx_word' id='word_1_111' title='bbox 1763 1609 1852 1657; x_wconf 90' lang='lat' dir='ltr'>hac</span> 
     </span>
     <span class='ocr_line' id='line_1_18' title="bbox 442 1685 1848 1751; baseline 0.002 -20"><span class='ocrx_word' id='word_1_112' title='bbox 442 1685 568 1733; x_wconf 81' lang='lat' dir='ltr'>febre</span> <span class='ocrx_word' id='word_1_113' title='bbox 594 1685 868 1733; x_wconf 81' lang='lat' dir='ltr'>laborabat:</span> <span class='ocrx_word' id='word_1_114' title='bbox 898 1685 979 1732; x_wconf 85' lang='lat' dir='ltr'>sed</span> <span class='ocrx_word' id='word_1_115' title='bbox 1008 1685 1086 1732; x_wconf 91' lang='lat' dir='ltr'>ubi</span> <span class='ocrx_word' id='word_1_116' title='bbox 1113 1686 1174 1732; x_wconf 89' lang='lat' dir='ltr'>ad</span> <span class='ocrx_word' id='word_1_117' title='bbox 1200 1685 1426 1732; x_wconf 87' lang='lat' dir='ltr'>lectulum</span> <span class='ocrx_word' id='word_1_118' title='bbox 1450 1687 1598 1733; x_wconf 88' lang='lat' dir='ltr'>sancti</span> <span class='ocrx_word' id='word_1_119' title='bbox 1624 1687 1709 1733; x_wconf 91' lang='lat' dir='ltr'>viri</span> <span class='ocrx_word' id='word_1_120' title='bbox 1736 1703 1848 1751; x_wconf 84' lang='lat' dir='ltr'>pro-</span> 
     </span>
     <span class='ocr_line' id='line_1_19' title="bbox 439 1762 1853 1822; baseline 0.001 -14"><span class='ocrx_word' id='word_1_121' title='bbox 439 1772 582 1810; x_wconf 87' lang='lat' dir='ltr'>strata</span> <span class='ocrx_word' id='word_1_122' title='bbox 608 1763 725 1810; x_wconf 84' lang='lat' dir='ltr'>fudit</span> <span class='ocrx_word' id='word_1_123' title='bbox 746 1763 1027 1822; x_wconf 84' lang='lat' dir='ltr'>orationem,</span> <span class='ocrx_word' id='word_1_124' title='bbox 1054 1779 1163 1809; x_wconf 85' lang='lat' dir='ltr'>mox</span> <span class='ocrx_word' id='word_1_125' title='bbox 1178 1762 1489 1810; x_wconf 86' lang='lat' dir='ltr'>incolumitati</span> <span class='ocrx_word' id='word_1_126' title='bbox 1513 1763 1722 1810; x_wconf 89' lang='lat' dir='ltr'>restituta</span> <span class='ocrx_word' id='word_1_127' title='bbox 1741 1779 1853 1810; x_wconf 93' lang='lat' dir='ltr'>con-</span> 
     </span>
     <span class='ocr_line' id='line_1_20' title="bbox 443 1837 1851 1902; baseline 0.001 -19"><span class='ocrx_word' id='word_1_128' title='bbox 443 1837 601 1885; x_wconf 85' lang='lat' dir='ltr'>valuit.</span> <span class='ocrx_word' id='word_1_129' title='bbox 633 1838 775 1885; x_wconf 90' lang='lat' dir='ltr'>Multa</span> <span class='ocrx_word' id='word_1_130' title='bbox 795 1838 989 1902; x_wconf 84' lang='lat' dir='ltr'>quidem</span> <span class='ocrx_word' id='word_1_131' title='bbox 1014 1848 1060 1885; x_wconf 89' lang='lat' dir='ltr'>et</span> <span class='ocrx_word' id='word_1_132' title='bbox 1082 1839 1172 1886; x_wconf 86' lang='lat' dir='ltr'>alia</span> <span class='ocrx_word' id='word_1_133' title='bbox 1193 1838 1252 1885; x_wconf 90' lang='lat' dir='ltr'>de</span> <span class='ocrx_word' id='word_1_134' title='bbox 1275 1855 1333 1884; x_wconf 91' lang='lat' dir='ltr'>eo</span> <span class='ocrx_word' id='word_1_135' title='bbox 1356 1838 1639 1898; x_wconf 86' lang='lat' dir='ltr'>audivimus,</span> <span class='ocrx_word' id='word_1_136' title='bbox 1659 1838 1738 1885; x_wconf 88' lang='lat' dir='ltr'>sed</span> <span class='ocrx_word' id='word_1_137' title='bbox 1757 1838 1851 1885; x_wconf 82' lang='lat' dir='ltr'>suf·</span> 
     </span>
     <span class='ocr_line' id='line_1_21' title="bbox 441 1909 1850 1975; baseline 0.001 -19"><span class='ocrx_word' id='word_1_138' title='bbox 441 1909 580 1957; x_wconf 84' lang='lat' dir='ltr'>ficere</span> <span class='ocrx_word' id='word_1_139' title='bbox 604 1911 704 1957; x_wconf 86' lang='lat' dir='ltr'>haec</span> <span class='ocrx_word' id='word_1_140' title='bbox 731 1911 791 1957; x_wconf 93' lang='lat' dir='ltr'>ad</span> <span class='ocrx_word' id='word_1_141' title='bbox 816 1911 1140 1957; x_wconf 87' lang='lat' dir='ltr'>credulitatem</span> <span class='ocrx_word' id='word_1_142' title='bbox 1171 1911 1516 1958; x_wconf 81' lang='lat' dir='ltr'>catholicorum</span> <span class='ocrx_word' id='word_1_143' title='bbox 1543 1929 1645 1975; x_wconf 86' lang='lat' dir='ltr'>quae</span> <span class='ocrx_word' id='word_1_144' title='bbox 1679 1912 1850 1975; x_wconf 88' lang='lat' dir='ltr'>scripta</span> 
     </span>
     <span class='ocr_line' id='line_1_22' title="bbox 441 1987 874 2034; baseline 0.007 -3"><span class='ocrx_word' id='word_1_145' title='bbox 441 1997 551 2033; x_wconf 91' lang='lat' dir='ltr'>sunt</span> <span class='ocrx_word' id='word_1_146' title='bbox 574 1987 874 2034; x_wconf 86' lang='lat' dir='ltr'>arbitramur.</span> 
     </span>
    </p>
   </div>
   <div class='ocr_carea' id='block_1_3' title="bbox 999 2086 1299 2120">
    <p class='ocr_par' dir='ltr' id='par_1_4' title="bbox 999 2086 1299 2120">
     <span class='ocr_line' id='line_1_23' title="bbox 999 2086 1299 2120; baseline 0 0"><span class='ocrx_word' id='word_1_147' title='bbox 999 2086 1153 2120; x_wconf 83' lang='lat' dir='ltr'>CAPUT</span> <span class='ocrx_word' id='word_1_148' title='bbox 1178 2086 1299 2120; x_wconf 86' lang='lat' dir='ltr'><strong>XVII.</strong></span> 
     </span>
    </p>
   </div>
   <div class='ocr_carea' id='block_1_4' title="bbox 743 2183 1537 2230">
    <p class='ocr_par' dir='ltr' id='par_1_5' title="bbox 743 2183 1537 2230">
     <span class='ocr_line' id='line_1_24' title="bbox 743 2183 1537 2230; baseline 0.001 -13"><span class='ocrx_word' id='word_1_149' title='bbox 743 2184 796 2217; x_wconf 88' lang='lat' dir='ltr'>De</span> <span class='ocrx_word' id='word_1_150' title='bbox 814 2192 932 2217; x_wconf 83' lang='lat' dir='ltr'>sancto</span> <span class='ocrx_word' id='word_1_151' title='bbox 950 2183 1086 2217; x_wconf 89' lang='lat' dir='ltr'>Nicetio</span> <span class='ocrx_word' id='word_1_152' title='bbox 1104 2184 1339 2218; x_wconf 84' lang='lat' dir='ltr'>Treverorum</span> <span class='ocrx_word' id='word_1_153' title='bbox 1356 2183 1537 2230; x_wconf 86' lang='lat' dir='ltr'>episcopo.</span> 
     </span>
    </p>
   </div>
   <div class='ocr_carea' id='block_1_5' title="bbox 442 2283 1851 2883">
    <p class='ocr_par' dir='ltr' id='par_1_6' title="bbox 442 2283 1851 2883">
     <span class='ocr_line' id='line_1_25' title="bbox 508 2283 1850 2352; baseline 0.003 -23"><span class='ocrx_word' id='word_1_154' title='bbox 508 2284 556 2329; x_wconf 90' lang='lat' dir='ltr'>Si</span> <span class='ocrx_word' id='word_1_155' title='bbox 582 2283 696 2330; x_wconf 82' lang='lat' dir='ltr'>fides</span> <span class='ocrx_word' id='word_1_156' title='bbox 712 2283 848 2330; x_wconf 90' lang='lat' dir='ltr'>dictis</span> <span class='ocrx_word' id='word_1_157' title='bbox 869 2283 1140 2342; x_wconf 87' lang='lat' dir='ltr'>adhibetur,</span> <span class='ocrx_word' id='word_1_158' title='bbox 1167 2284 1448 2331; x_wconf 88' lang='lat' dir='ltr'>relatoribus</span> <span class='ocrx_word' id='word_1_159' title='bbox 1469 2301 1710 2332; x_wconf 89' lang='lat' dir='ltr'>sacrorum</span> <span class='ocrx_word' id='word_1_160' title='bbox 1735 2303 1850 2352; x_wconf 90' lang='lat' dir='ltr'>ope-</span> 
     </span>
     <span class='ocr_line' id='line_1_26' title="bbox 444 2359 1846 2425; baseline 0.003 -20"><span class='ocrx_word' id='word_1_161' title='bbox 444 2377 549 2406; x_wconf 87' lang='lat' dir='ltr'>rum</span> <span class='ocrx_word' id='word_1_162' title='bbox 571 2377 658 2425; x_wconf 85' lang='lat' dir='ltr'>pro</span> <span class='ocrx_word' id='word_1_163' title='bbox 675 2359 785 2406; x_wconf 84' lang='lat' dir='ltr'>fidei</span> <span class='ocrx_word' id='word_1_164' title='bbox 807 2361 976 2407; x_wconf 90' lang='lat' dir='ltr'>merito</span> <span class='ocrx_word' id='word_1_165' title='bbox 995 2360 1194 2407; x_wconf 82' lang='lat' dir='ltr'>fideliter</span> <span class='ocrx_word' id='word_1_166' title='bbox 1208 2360 1410 2408; x_wconf 88' lang='lat' dir='ltr'>arbitror</span> <span class='ocrx_word' id='word_1_167' title='bbox 1425 2378 1524 2409; x_wconf 88' lang='lat' dir='ltr'>esse</span> <span class='ocrx_word' id='word_1_168' title='bbox 1537 2362 1846 2424; x_wconf 91' lang='lat' dir='ltr'>credendum,</span> 
     </span>
     <span class='ocr_line' id='line_1_27' title="bbox 443 2437 1851 2502; baseline 0.003 -20"><span class='ocrx_word' id='word_1_169' title='bbox 443 2437 554 2498; x_wconf 90' lang='lat' dir='ltr'>quia</span> <span class='ocrx_word' id='word_1_170' title='bbox 579 2453 676 2482; x_wconf 90' lang='lat' dir='ltr'>non</span> <span class='ocrx_word' id='word_1_171' title='bbox 704 2438 864 2484; x_wconf 90' lang='lat' dir='ltr'>omnia</span> <span class='ocrx_word' id='word_1_172' title='bbox 891 2454 993 2501; x_wconf 89' lang='lat' dir='ltr'>quae</span> <span class='ocrx_word' id='word_1_173' title='bbox 1016 2438 1063 2483; x_wconf 90' lang='lat' dir='ltr'>in</span> <span class='ocrx_word' id='word_1_174' title='bbox 1081 2438 1322 2502; x_wconf 89' lang='lat' dir='ltr'>scripturis</span> <span class='ocrx_word' id='word_1_175' title='bbox 1348 2438 1580 2501; x_wconf 84' lang='lat' dir='ltr'>leguntur,</span> <span class='ocrx_word' id='word_1_176' title='bbox 1605 2438 1851 2486; x_wconf 88' lang='lat' dir='ltr'>obtutibus</span> 
     </span>
     <span class='ocr_line' id='line_1_28' title="bbox 443 2514 1850 2581; baseline 0.003 -23"><span class='ocrx_word' id='word_1_177' title='bbox 443 2514 647 2577; x_wconf 89' lang='lat' dir='ltr'>propriis</span> <span class='ocrx_word' id='word_1_178' title='bbox 669 2515 798 2560; x_wconf 89' lang='lat' dir='ltr'>cerni</span> <span class='ocrx_word' id='word_1_179' title='bbox 826 2523 1082 2578; x_wconf 90' lang='lat' dir='ltr'>potuerunt</span> <span class='ocrx_word' id='word_1_180' title='bbox 1103 2533 1114 2559; x_wconf 91' lang='lat'>:</span> <span class='ocrx_word' id='word_1_181' title='bbox 1141 2515 1224 2561; x_wconf 91' lang='lat' dir='ltr'>sed</span> <span class='ocrx_word' id='word_1_182' title='bbox 1250 2514 1464 2578; x_wconf 83' lang='lat' dir='ltr'>quaedam</span> <span class='ocrx_word' id='word_1_183' title='bbox 1487 2516 1633 2580; x_wconf 88' lang='lat' dir='ltr'>ipsius</span> <span class='ocrx_word' id='word_1_184' title='bbox 1655 2516 1850 2581; x_wconf 90' lang='lat' dir='ltr'>scriptu-</span> 
     </span>
     <span class='ocr_line' id='line_1_29' title="bbox 443 2589 1850 2654; baseline 0.003 -20"><span class='ocrx_word' id='word_1_185' title='bbox 443 2605 503 2634; x_wconf 85' lang='lat' dir='ltr'>rae</span> <span class='ocrx_word' id='word_1_186' title='bbox 526 2589 753 2636; x_wconf 87' lang='lat' dir='ltr'>relatione</span> <span class='ocrx_word' id='word_1_187' title='bbox 774 2589 975 2647; x_wconf 84' lang='lat' dir='ltr'>firmata,</span> <span class='ocrx_word' id='word_1_188' title='bbox 996 2589 1211 2654; x_wconf 85' lang='lat' dir='ltr'>quaedam</span> <span class='ocrx_word' id='word_1_189' title='bbox 1234 2591 1435 2638; x_wconf 88' lang='lat' dir='ltr'>aliorum</span> <span class='ocrx_word' id='word_1_190' title='bbox 1455 2601 1702 2639; x_wconf 90' lang='lat' dir='ltr'>auctorum</span> <span class='ocrx_word' id='word_1_191' title='bbox 1726 2592 1850 2639; x_wconf 89' lang='lat' dir='ltr'>testi-</span> 
     </span>
     <span class='ocr_line' id='line_1_30' title="bbox 443 2665 1849 2732; baseline 0.004 -23"><span class='ocrx_word' id='word_1_192' title='bbox 443 2666 606 2711; x_wconf 89' lang='lat' dir='ltr'>monio</span> <span class='ocrx_word' id='word_1_193' title='bbox 643 2665 954 2730; x_wconf 86' lang='lat' dir='ltr'>comprobata</span> <span class='ocrx_word' id='word_1_194' title='bbox 973 2701 986 2723; x_wconf 92' lang='lat'><strong><em>‚</em></strong></span> <span class='ocrx_word' id='word_1_195' title='bbox 1025 2666 1239 2731; x_wconf 88' lang='lat' dir='ltr'>quaedam</span> <span class='ocrx_word' id='word_1_196' title='bbox 1278 2684 1392 2713; x_wconf 88' lang='lat' dir='ltr'>vero</span> <span class='ocrx_word' id='word_1_197' title='bbox 1430 2668 1608 2732; x_wconf 88' lang='lat' dir='ltr'>proprii</span> <span class='ocrx_word' id='word_1_198' title='bbox 1653 2668 1849 2716; x_wconf 84' lang='lat' dir='ltr'>intuitus</span> 
     </span>
     <span class='ocr_line' id='line_1_31' title="bbox 442 2742 1848 2808; baseline 0.004 -22"><span class='ocrx_word' id='word_1_199' title='bbox 442 2742 716 2788; x_wconf 86' lang='lat' dir='ltr'>auctoritate</span> <span class='ocrx_word' id='word_1_200' title='bbox 747 2743 1020 2789; x_wconf 88' lang='lat' dir='ltr'>creduntur.</span> <span class='ocrx_word' id='word_1_201' title='bbox 1050 2743 1142 2789; x_wconf 88' lang='lat' dir='ltr'>Sed</span> <span class='ocrx_word' id='word_1_202' title='bbox 1176 2753 1308 2803; x_wconf 87' lang='lat' dir='ltr'>sunt,</span> <span class='ocrx_word' id='word_1_203' title='bbox 1338 2743 1466 2806; x_wconf 90' lang='lat' dir='ltr'>quod</span> <span class='ocrx_word' id='word_1_204' title='bbox 1494 2744 1625 2808; x_wconf 85' lang='lat' dir='ltr'>pejus</span> <span class='ocrx_word' id='word_1_205' title='bbox 1652 2754 1736 2799; x_wconf 89' lang='lat' dir='ltr'>est,</span> <span class='ocrx_word' id='word_1_206' title='bbox 1766 2744 1848 2808; x_wconf 90' lang='lat' dir='ltr'>qui</span> 
     </span>
     <span class='ocr_line' id='line_1_32' title="bbox 442 2819 1849 2883; baseline 0.005 -22"><span class='ocrx_word' id='word_1_207' title='bbox 442 2833 662 2878; x_wconf 82' lang='lat' dir='ltr'>perverso</span> <span class='ocrx_word' id='word_1_208' title='bbox 688 2835 823 2864; x_wconf 84' lang='lat' dir='ltr'>sensu</span> <span class='ocrx_word' id='word_1_209' title='bbox 852 2830 901 2864; x_wconf 90' lang='lat' dir='ltr'>ut</span> <span class='ocrx_word' id='word_1_210' title='bbox 930 2819 1101 2883; x_wconf 73' lang='lat' dir='ltr'>scripta</span> <span class='ocrx_word' id='word_1_211' title='bbox 1124 2836 1220 2866; x_wconf 86' lang='lat' dir='ltr'>non</span> <span class='ocrx_word' id='word_1_212' title='bbox 1247 2819 1461 2876; x_wconf 82' lang='lat' dir='ltr'>creduut,</span> <span class='ocrx_word' id='word_1_213' title='bbox 1504 2821 1567 2866; x_wconf 86' lang='lat' dir='ltr'>ita</span> <span class='ocrx_word' id='word_1_214' title='bbox 1607 2821 1849 2868; x_wconf 86' lang='lat' dir='ltr'>testificata</span> 
     </span>
    </p>
   </div>
   <div class='ocr_carea' id='block_1_6' title="bbox 2001 1654 2054 3450">
    <p class='ocr_par' dir='ltr' id='par_1_7' title="bbox 2001 1654 2054 3450">
     <span class='ocr_line' id='line_1_33' title="bbox 2001 1654 2054 3450; baseline 0 0"><span class='ocrx_word' id='word_1_215' title='bbox 2001 1654 2054 3450; x_wconf 95' lang='lat' dir='ltr'> </span> 
     </span>
    </p>
   </div>
  </div>
 </body>
</html>
