2054 3450
408 377 483 412 244
920 376 1047 413 VITAE
1077 377 1295 414 PATRUM.

406 462 533 508 unde
557 464 679 508 nosti
703 462 808 525 quis
836 461 989 520 fuerit,
1020 462 1153 527 quod
1185 479 1295 510 eum
1327 463 1573 512 obsecrare
1603 482 1702 512 non
1734 465 1810 512 de-

402 539 548 585 sinis?
577 558 599 582 »
627 541 682 584 At
705 538 782 585 ille
807 554 998 586 causam
1022 540 1179 587 delicti
1205 557 1259 587 ex
1285 539 1454 588 ordine
1475 557 1704 599 reserans,
1728 541 1813 589 ad-

396 617 508 678 jecit
533 635 542 663 :
577 636 599 658 «
625 617 862 673 Miserere,
885 633 1061 679 quaeso,
1087 617 1222 676 mihi,
1259 618 1295 664 si
1318 627 1366 664 tu
1392 634 1440 664 es
1471 618 1538 664 vir
1563 620 1648 665 Dei
1667 633 1812 683 quem

401 693 586 739 invoco.
611 713 632 735 »
656 693 743 739 Cui
766 703 955 740 sanctus
978 694 1039 740 ait
1061 712 1071 740 ε
1103 714 1125 737 κ
1151 695 1296 758 Surge
1322 695 1370 740 in
1397 695 1590 741 nomine
1621 695 1808 754 Christi,

399 779 445 815 et
469 769 659 817 ambula
683 769 828 830 liber3
859 785 887 816 a
913 769 1045 816 nullo
1075 771 1203 817 enim
1230 770 1664 834 comprehenderis.
1703 791 1724 814 »
1759 774 1814 818 At

399 846 475 892 ille
508 847 556 892 in
582 846 673 893 hac
707 846 1059 910 expergefactus
1087 863 1206 893 voce
1236 863 1284 893 se
1317 845 1606 907 absolutum,
1640 847 1815 895 catenis

398 923 704 970 comminutis
720 925 1055 987 confractaque
1070 923 1219 983 trabe,
1239 924 1453 971 miratur.
1477 926 1571 970 Nec
1587 933 1810 982 moratus,

399 1002 588 1048 nemine
615 1002 862 1059 retinente,
903 1018 1052 1064 usque
1089 1001 1148 1048 ad
1179 1001 1279 1064 ejus
1310 1001 1577 1065 sepulcrum
1614 1001 1816 1066 perrexit

397 1077 675 1141 intrepidus.
702 1079 833 1123 Tunc
867 1093 893 1123 a
917 1077 1078 1140 judice
1109 1077 1304 1125 noxialis
1333 1077 1482 1141 culpae
1512 1077 1816 1125 damnatione

397 1170 638 1212 concessa,
662 1154 842 1201 laxatus
861 1153 1082 1201 abscessit
1107 1154 1166 1200 ad
1192 1156 1382 1219 propria

463 1234 510 1278 8.
536 1234 734 1278 Gratum
760 1241 829 1278 est
859 1231 974 1277 illud
1005 1231 1118 1278 addi
1147 1232 1402 1287 miraculis,
1442 1232 1558 1296 quid
1590 1249 1815 1280 accensus

397 1308 459 1356 ad
482 1309 654 1356 lectum
678 1309 778 1371 ejus
796 1309 953 1355 fecerit
968 1309 1214 1370 cicindilis,
1233 1311 1344 1372 quia
1362 1311 1570 1372 ingentia
1585 1320 1693 1357 sunt
1710 1326 1814 1373 quae

396 1385 475 1432 hic
502 1395 691 1432 sanctus
715 1386 761 1431 in
786 1385 914 1432 coelis
942 1385 1160 1433 habitans
1183 1396 1407 1451 operatur
1429 1389 1474 1433 in
1499 1387 1647 1434 terris.
1671 1387 1815 1450 Igitur

398 1462 611 1520 lectulus,
638 1464 682 1508 in
713 1478 810 1525 quo
834 1472 1022 1509 sanctus
1045 1463 1285 1526 quiescere
1317 1474 1416 1511 erat
1441 1463 1624 1522 solitus,
1648 1465 1814 1529 saep'ius

400 1538 636 1585 miraculis
665 1537 924 1584 adornatur
949 1537 1226 1598 illustribus,
1263 1540 1439 1603 quique
1462 1539 1628 1602 grandi
1657 1539 1814 1587 studio

397 1615 456 1663 ab
480 1615 691 1662 AEtherio
712 1632 840 1662 nunc
861 1616 1086 1680 episcopo
1109 1615 1362 1663 fabricatus
1375 1615 1678 1663 devotissime
1701 1617 1812 1664 ado-

397 1702 527 1739 ratur
550 1709 647 1739 non
671 1693 925 1748 immerito,
946 1709 1055 1739 cum
1083 1693 1320 1755 frigoritici
1339 1694 1506 1758 saepius
1530 1693 1620 1740 sub
1641 1709 1699 1740 eo
1718 1693 1811 1753 siti,

397 1786 670 1834 compresso
694 1786 872 1834 vapore
894 1786 948 1816 ac
971 1769 1160 1832 frigore,
1187 1770 1444 1829 salvantur,
1470 1771 1718 1835 caeterique
1740 1771 1814 1817 in-

399 1847 521 1893 firmi
547 1846 725 1894 ibidem
751 1847 947 1912 projecti
973 1848 1188 1911 protinus
1213 1846 1536 1895 sublevantur.
1567 1847 1689 1894 Palla
1718 1857 1814 1894 ete·

400 1926 497 1970 nim
516 1925 727 1989 speciosa
751 1926 937 1987 tegitur,
961 1924 1120 1986 lychni
1141 1925 1189 1970 in
1212 1941 1266 1971 ea
1277 1925 1449 1988 jugiter
1468 1924 1809 1972 accenduntur.

402 2003 532 2047 Unus
561 2002 702 2064 igitur
735 2018 791 2046 ex
823 2000 897 2046 his
925 2017 1009 2063 per
1040 2000 1350 2064 quadraginta
1384 2001 1482 2047 dies
1517 2000 1812 2062 totidemque

399 2087 579 2138 noctes,
606 2087 658 2123 ut
683 2077 781 2140 ipse
802 2075 1003 2122 aedituus
1022 2077 1236 2134 asseruit,
1258 2076 1437 2139 absque
1456 2075 1595 2123 ullius
1616 2076 1812 2122 fomenti

398 2154 635 2216 adjutorio
669 2152 941 2218 perduravit
968 2152 1239 2217 splendens,
1269 2154 1316 2199 in
1349 2169 1446 2216 quo
1489 2169 1576 2200 nec
1605 2168 1812 2218 papyrus

399 2229 578 2290 addita,
597 2246 684 2276 nec
701 2239 831 2293 gutta
851 2228 942 2275 olei
965 2227 1179 2275 stillantis
1201 2229 1400 2292 adjecta,
1418 2229 1501 2275 sed
1524 2230 1571 2275 in
1598 2229 1698 2293 ipsa
1719 2244 1813 2292 qua

398 2308 606 2371 primum
633 2317 832 2353 statutus
868 2315 935 2352 est
966 2306 1329 2370 compositione,
1355 2306 1615 2370 permansit
1633 2306 1682 2351 in
1708 2304 1812 2351 luce

399 2384 636 2448 praeclara.
656 2384 804 2446 Hujus
823 2382 971 2428 sancti
991 2383 1213 2445 reliquias
1235 2382 1572 2444 Gallomagnus
1590 2381 1811 2429 Tricassi-

400 2478 575 2507 norum
600 2460 806 2525 pontifex
844 2460 1043 2507 devotus
1064 2461 1275 2523 expetiit,
1305 2477 1408 2524 quae
1433 2477 1543 2506 cum
1569 2459 1811 2525 psallentio

399 2539 769 2596 deducerentur,
788 2548 833 2584 et
852 2553 1083 2584 caecorum
1106 2537 1233 2583 oculi
1254 2536 1506 2584 illuminati
1524 2546 1631 2583 sunt
1647 2552 1810 2583 earum

400 2616 589 2676 virtute,
612 2625 658 2662 et
680 2615 882 2662 aliorum
908 2614 1187 2661 morborum
1205 2630 1378 2676 genera
1400 2624 1674 2660 meruerunt
1697 2613 1813 2660 reci-

399 2693 555 2756 cipere
577 2693 879 2739 medicinam.
897 2692 963 2737 Ad
979 2708 1066 2737 nos
1082 2707 1274 2754 quoque
1287 2690 1619 2752 facietergium,
1631 2690 1811 2754 depen-

401 2770 621 2816 dentibus
644 2771 759 2817 villis
783 2770 1029 2827 intextum,
1059 2767 1189 2830 quod
1215 2777 1403 2814 sanctus
1433 2784 1573 2832 super
1595 2776 1737 2832 caput
1759 2766 1807 2812 in

402 2846 477 2892 die
502 2845 658 2892 obitus
680 2847 748 2893 sui
766 2845 947 2904 habuit,
965 2855 1032 2891 est
1046 2844 1280 2908 perlatum
1300 2862 1308 2889 ε
1329 2843 1460 2908 quod
1477 2861 1564 2890 nos
1583 2855 1808 2907 tanquam
