<?xml version="1.0" encoding="UTF-8"?>
<!DOCTYPE html PUBLIC "-//W3C//DTD XHTML 1.0 Transitional//EN"
    "http://www.w3.org/TR/xhtml1/DTD/xhtml1-transitional.dtd">
<html xmlns="http://www.w3.org/1999/xhtml" xml:lang="en" lang="en">
 <head>
  <title>
</title>
<meta http-equiv="Content-Type" content="text/html;charset=utf-8" />
  <meta name='ocr-system' content='tesseract 3.04.00' />
  <meta name='ocr-capabilities' content='ocr_page ocr_carea ocr_par ocr_line ocrx_word'/>
</head>
<body>
  <div class='ocr_page' id='page_1' title='image "./leslivresdesmira03greguoft_0216.png"; bbox 0 0 2054 3450; ppageno 0'>
   <div class='ocr_carea' id='block_1_1' title="bbox 424 342 1306 380">
    <p class='ocr_par' dir='ltr' id='par_1_1' title="bbox 424 342 1306 380">
     <span class='ocr_line' id='line_1_1' title="bbox 424 342 1306 380; baseline 0.001 -1"><span class='ocrx_word' id='word_1_1' title='bbox 424 342 499 379; x_wconf 70' lang='lat'><strong>200</strong></span> <span class='ocrx_word' id='word_1_2' title='bbox 712 345 722 353; x_wconf 83' lang='lat'><strong><em>‘</em></strong></span> <span class='ocrx_word' id='word_1_3' title='bbox 935 342 1063 378; x_wconf 84' lang='lat' dir='ltr'><strong>VITAE</strong></span> <span class='ocrx_word' id='word_1_4' title='bbox 1089 342 1306 380; x_wconf 82' lang='lat' dir='ltr'>PATRUM.</span> 
     </span>
    </p>
   </div>
   <div class='ocr_carea' id='block_1_2' title="bbox 417 427 1833 2257">
    <p class='ocr_par' dir='ltr' id='par_1_2' title="bbox 419 427 1831 1472">
     <span class='ocr_line' id='line_1_2' title="bbox 421 427 1824 495; baseline 0.003 -21"><span class='ocrx_word' id='word_1_5' title='bbox 421 444 557 474; x_wconf 89' lang='lat' dir='ltr'><strong>nasse</strong></span> <span class='ocrx_word' id='word_1_6' title='bbox 580 444 630 474; x_wconf 91' lang='lat' dir='ltr'><strong>se</strong></span> <span class='ocrx_word' id='word_1_7' title='bbox 648 443 736 492; x_wconf 90' lang='lat' dir='ltr'><strong>pro</strong></span> <span class='ocrx_word' id='word_1_8' title='bbox 760 427 1035 492; x_wconf 86' lang='lat' dir='ltr'><strong>episcopatu</strong></span> <span class='ocrx_word' id='word_1_9' title='bbox 1065 445 1208 492; x_wconf 88' lang='lat' dir='ltr'><strong>quam</strong></span> <span class='ocrx_word' id='word_1_10' title='bbox 1235 445 1385 475; x_wconf 90' lang='lat' dir='ltr'><strong>unum</strong></span> <span class='ocrx_word' id='word_1_11' title='bbox 1413 430 1635 478; x_wconf 78' lang='lat' dir='ltr'>triantem</span> <span class='ocrx_word' id='word_1_12' title='bbox 1667 446 1824 495; x_wconf 91' lang='lat' dir='ltr'><strong>coquo</strong></span> 
     </span>
     <span class='ocr_line' id='line_1_3' title="bbox 421 504 1827 569; baseline 0.004 -19"><span class='ocrx_word' id='word_1_13' title='bbox 421 505 504 568; x_wconf 93' lang='lat' dir='ltr'><strong>qui</strong></span> <span class='ocrx_word' id='word_1_14' title='bbox 527 505 717 552; x_wconf 80' lang='lat' dir='ltr'><strong>servivit</strong></span> <span class='ocrx_word' id='word_1_15' title='bbox 740 504 802 551; x_wconf 89' lang='lat' dir='ltr'><strong>ad</strong></span> <span class='ocrx_word' id='word_1_16' title='bbox 819 504 1088 569; x_wconf 89' lang='lat' dir='ltr'><strong>prandium.</strong></span> <span class='ocrx_word' id='word_1_17' title='bbox 1113 508 1220 552; x_wconf 84' lang='lat' dir='ltr'>Post</span> <span class='ocrx_word' id='word_1_18' title='bbox 1234 505 1334 552; x_wconf 84' lang='lat' dir='ltr'><strong>haec</strong></span> <span class='ocrx_word' id='word_1_19' title='bbox 1356 522 1453 567; x_wconf 82' lang='lat' dir='ltr'><strong>rex,</strong></span> <span class='ocrx_word' id='word_1_20' title='bbox 1479 507 1598 554; x_wconf 91' lang='lat' dir='ltr'><strong>datis</strong></span> <span class='ocrx_word' id='word_1_21' title='bbox 1621 507 1682 555; x_wconf 91' lang='lat' dir='ltr'><strong>ad</strong></span> <span class='ocrx_word' id='word_1_22' title='bbox 1703 507 1827 554; x_wconf 91' lang='lat' dir='ltr'><strong>sola-</strong></span> 
     </span>
     <span class='ocr_line' id='line_1_4' title="bbox 421 580 1822 646; baseline 0.003 -19"><span class='ocrx_word' id='word_1_23' title='bbox 421 581 538 627; x_wconf 90' lang='lat' dir='ltr'><strong>tium</strong></span> <span class='ocrx_word' id='word_1_24' title='bbox 574 581 675 645; x_wconf 91' lang='lat' dir='ltr'><strong>ejus</strong></span> <span class='ocrx_word' id='word_1_25' title='bbox 709 580 900 628; x_wconf 88' lang='lat' dir='ltr'><strong>duobus</strong></span> <span class='ocrx_word' id='word_1_26' title='bbox 934 582 1183 646; x_wconf 90' lang='lat' dir='ltr'><strong>episcopis,</strong></span> <span class='ocrx_word' id='word_1_27' title='bbox 1223 583 1441 629; x_wconf 87' lang='lat' dir='ltr'><strong>Arvernis</strong></span> <span class='ocrx_word' id='word_1_28' title='bbox 1476 599 1585 630; x_wconf 87' lang='lat' dir='ltr'><strong>eum</strong></span> <span class='ocrx_word' id='word_1_29' title='bbox 1610 584 1822 633; x_wconf 83' lang='lat' dir='ltr'><strong>direxit:</strong></span> 
     </span>
     <span class='ocr_line' id='line_1_5' title="bbox 420 655 1828 724; baseline 0.003 -20"><span class='ocrx_word' id='word_1_30' title='bbox 420 655 617 704; x_wconf 89' lang='lat' dir='ltr'><strong>clericus</strong></span> <span class='ocrx_word' id='word_1_31' title='bbox 647 674 760 704; x_wconf 88' lang='lat' dir='ltr'><strong>vero</strong></span> <span class='ocrx_word' id='word_1_32' title='bbox 792 656 869 704; x_wconf 92' lang='lat' dir='ltr'><strong>ille</strong></span> <span class='ocrx_word' id='word_1_33' title='bbox 900 658 983 721; x_wconf 88' lang='lat' dir='ltr'><strong>qui</strong></span> <span class='ocrx_word' id='word_1_34' title='bbox 1011 674 1152 722; x_wconf 89' lang='lat' dir='ltr'><strong>super</strong></span> <span class='ocrx_word' id='word_1_35' title='bbox 1179 658 1415 722; x_wconf 85' lang='lat' dir='ltr'>spondam</span> <span class='ocrx_word' id='word_1_36' title='bbox 1442 657 1548 704; x_wconf 85' lang='lat' dir='ltr'><strong>lecti</strong></span> <span class='ocrx_word' id='word_1_37' title='bbox 1576 658 1696 707; x_wconf 89' lang='lat' dir='ltr'><strong>latus</strong></span> <span class='ocrx_word' id='word_1_38' title='bbox 1728 661 1828 724; x_wconf 92' lang='lat' dir='ltr'><strong>ejus</strong></span> 
     </span>
     <span class='ocr_line' id='line_1_6' title="bbox 420 732 1828 800; baseline 0.004 -21"><span class='ocrx_word' id='word_1_39' title='bbox 420 732 626 795; x_wconf 84' lang='lat' dir='ltr'><strong>illiserat,</strong></span> <span class='ocrx_word' id='word_1_40' title='bbox 665 734 911 781; x_wconf 87' lang='lat' dir='ltr'><strong>Viventius</strong></span> <span class='ocrx_word' id='word_1_41' title='bbox 949 733 1161 794; x_wconf 80' lang='lat' dir='ltr'><strong>nomine,</strong></span> <span class='ocrx_word' id='word_1_42' title='bbox 1201 733 1262 781; x_wconf 92' lang='lat' dir='ltr'><strong>ad</strong></span> <span class='ocrx_word' id='word_1_43' title='bbox 1303 750 1556 781; x_wconf 90' lang='lat' dir='ltr'><strong>occursum</strong></span> <span class='ocrx_word' id='word_1_44' title='bbox 1593 736 1828 800; x_wconf 85' lang='lat' dir='ltr'><strong>pontificis</strong></span> 
     </span>
     <span class='ocr_line' id='line_1_7' title="bbox 419 809 1828 878; baseline 0.004 -22"><span class='ocrx_word' id='word_1_45' title='bbox 419 810 683 857; x_wconf 90' lang='lat' dir='ltr'><strong>secundum</strong></span> <span class='ocrx_word' id='word_1_46' title='bbox 722 809 923 857; x_wconf 81' lang='lat' dir='ltr'><strong>verbum</strong></span> <span class='ocrx_word' id='word_1_47' title='bbox 957 810 1079 856; x_wconf 93' lang='lat' dir='ltr'><strong>illius</strong></span> <span class='ocrx_word' id='word_1_48' title='bbox 1110 819 1359 876; x_wconf 81' lang='lat' dir='ltr'><strong>properat,</strong></span> <span class='ocrx_word' id='word_1_49' title='bbox 1395 827 1493 857; x_wconf 88' lang='lat' dir='ltr'><strong>non</strong></span> <span class='ocrx_word' id='word_1_50' title='bbox 1522 811 1622 859; x_wconf 91' lang='lat' dir='ltr'><strong>sine</strong></span> <span class='ocrx_word' id='word_1_51' title='bbox 1655 829 1828 878; x_wconf 88' lang='lat' dir='ltr'><strong>magno</strong></span> 
     </span>
     <span class='ocr_line' id='line_1_8' title="bbox 419 886 1828 954; baseline 0.002 -21"><span class='ocrx_word' id='word_1_52' title='bbox 419 887 606 951; x_wconf 89' lang='lat' dir='ltr'><strong>pudore</strong></span> <span class='ocrx_word' id='word_1_53' title='bbox 630 897 677 934; x_wconf 94' lang='lat' dir='ltr'><strong>et</strong></span> <span class='ocrx_word' id='word_1_54' title='bbox 697 903 764 944; x_wconf 92' lang='lat' dir='ltr'><strong>se,</strong></span> <span class='ocrx_word' id='word_1_55' title='bbox 795 886 1029 951; x_wconf 88' lang='lat' dir='ltr'><strong>simulque</strong></span> <span class='ocrx_word' id='word_1_56' title='bbox 1053 904 1230 951; x_wconf 89' lang='lat' dir='ltr'><strong>equum</strong></span> <span class='ocrx_word' id='word_1_57' title='bbox 1255 904 1400 952; x_wconf 91' lang='lat' dir='ltr'><strong>quem</strong></span> <span class='ocrx_word' id='word_1_58' title='bbox 1417 888 1634 951; x_wconf 86' lang='lat' dir='ltr'><strong>jusserat,</strong></span> <span class='ocrx_word' id='word_1_59' title='bbox 1660 905 1828 954; x_wconf 87' lang='lat' dir='ltr'><strong>reprae-</strong></span> 
     </span>
     <span class='ocr_line' id='line_1_9' title="bbox 419 955 1828 1028; baseline 0.003 -19"><span class='ocrx_word' id='word_1_60' title='bbox 419 963 589 1010; x_wconf 84' lang='lat' dir='ltr'><strong>sentat.</strong></span> <span class='ocrx_word' id='word_1_61' title='bbox 635 964 951 1027; x_wconf 88' lang='lat' dir='ltr'><strong>Ingressisque</strong></span> <span class='ocrx_word' id='word_1_62' title='bbox 993 963 1203 1028; x_wconf 89' lang='lat' dir='ltr'><strong>utrisque</strong></span> <span class='ocrx_word' id='word_1_63' title='bbox 1240 965 1288 1011; x_wconf 88' lang='lat' dir='ltr'><strong>in</strong></span> <span class='ocrx_word' id='word_1_64' title='bbox 1319 963 1544 1012; x_wconf 90' lang='lat' dir='ltr'><strong>balneum</strong></span> <span class='ocrx_word' id='word_1_65' title='bbox 1559 1002 1571 1023; x_wconf 94' lang='lat'><strong>,</strong></span> <span class='ocrx_word' id='word_1_66' title='bbox 1614 955 1828 1013; x_wconf 82' lang='lat' dir='ltr'><strong>dolorem</strong></span> 
     </span>
     <span class='ocr_line' id='line_1_10' title="bbox 419 1039 1831 1106; baseline 0.003 -20"><span class='ocrx_word' id='word_1_67' title='bbox 419 1039 593 1097; x_wconf 89' lang='lat' dir='ltr'><strong>lateris,</strong></span> <span class='ocrx_word' id='word_1_68' title='bbox 615 1057 757 1104; x_wconf 90' lang='lat' dir='ltr'><strong>quem</strong></span> <span class='ocrx_word' id='word_1_69' title='bbox 779 1040 839 1087; x_wconf 88' lang='lat' dir='ltr'><strong>ab</strong></span> <span class='ocrx_word' id='word_1_70' title='bbox 858 1040 1062 1105; x_wconf 89' lang='lat' dir='ltr'><strong>impulsu</strong></span> <span class='ocrx_word' id='word_1_71' title='bbox 1080 1041 1311 1106; x_wconf 81' lang='lat' dir='ltr'><strong>superbiae</strong></span> <span class='ocrx_word' id='word_1_72' title='bbox 1329 1041 1428 1105; x_wconf 86' lang='lat' dir='ltr'><strong>ejus</strong></span> <span class='ocrx_word' id='word_1_73' title='bbox 1447 1041 1604 1089; x_wconf 90' lang='lat' dir='ltr'><strong>clerici</strong></span> <span class='ocrx_word' id='word_1_74' title='bbox 1625 1043 1831 1090; x_wconf 86' lang='lat' dir='ltr'><strong>incurre-</strong></span> 
     </span>
     <span class='ocr_line' id='line_1_11' title="bbox 419 1117 1831 1183; baseline 0.003 -20"><span class='ocrx_word' id='word_1_75' title='bbox 419 1127 510 1174; x_wconf 85' lang='lat' dir='ltr'><strong>rat,</strong></span> <span class='ocrx_word' id='word_1_76' title='bbox 531 1117 788 1164; x_wconf 87' lang='lat' dir='ltr'><strong>clementer</strong></span> <span class='ocrx_word' id='word_1_77' title='bbox 807 1118 1111 1182; x_wconf 85' lang='lat' dir='ltr'><strong>improperat,</strong></span> <span class='ocrx_word' id='word_1_78' title='bbox 1131 1134 1352 1182; x_wconf 87' lang='lat' dir='ltr'><strong>magnam</strong></span> <span class='ocrx_word' id='word_1_79' title='bbox 1370 1135 1427 1165; x_wconf 88' lang='lat' dir='ltr'><strong>ex</strong></span> <span class='ocrx_word' id='word_1_80' title='bbox 1446 1118 1540 1165; x_wconf 90' lang='lat' dir='ltr'><strong>hoc</strong></span> <span class='ocrx_word' id='word_1_81' title='bbox 1555 1119 1598 1165; x_wconf 88' lang='lat' dir='ltr'><strong>ei</strong></span> <span class='ocrx_word' id='word_1_82' title='bbox 1615 1119 1831 1183; x_wconf 89' lang='lat' dir='ltr'><strong>ingerens</strong></span> 
     </span>
     <span class='ocr_line' id='line_1_12' title="bbox 420 1194 1830 1260; baseline 0.004 -21"><span class='ocrx_word' id='word_1_83' title='bbox 420 1194 775 1252; x_wconf 86' lang='lat' dir='ltr'><strong>verecundiam,</strong></span> <span class='ocrx_word' id='word_1_84' title='bbox 807 1210 903 1240; x_wconf 91' lang='lat' dir='ltr'><strong>non</strong></span> <span class='ocrx_word' id='word_1_85' title='bbox 934 1211 1045 1241; x_wconf 92' lang='lat' dir='ltr'><strong>cum</strong></span> <span class='ocrx_word' id='word_1_86' title='bbox 1072 1195 1158 1255; x_wconf 90' lang='lat' dir='ltr'><strong>ira,</strong></span> <span class='ocrx_word' id='word_1_87' title='bbox 1190 1195 1272 1242; x_wconf 93' lang='lat' dir='ltr'><strong>sed</strong></span> <span class='ocrx_word' id='word_1_88' title='bbox 1301 1205 1483 1241; x_wconf 87' lang='lat' dir='ltr'><strong>tantum</strong></span> <span class='ocrx_word' id='word_1_89' title='bbox 1501 1194 1613 1257; x_wconf 91' lang='lat' dir='ltr'><strong>joco</strong></span> <span class='ocrx_word' id='word_1_90' title='bbox 1637 1196 1830 1260; x_wconf 88' lang='lat' dir='ltr'><strong>spiritali</strong></span> 
     </span>
     <span class='ocr_line' id='line_1_13' title="bbox 420 1268 1828 1335; baseline 0.002 -19"><span class='ocrx_word' id='word_1_91' title='bbox 420 1268 692 1317; x_wconf 81' lang='lat' dir='ltr'><strong>delectatuS.</strong></span> <span class='ocrx_word' id='word_1_92' title='bbox 727 1271 872 1333; x_wconf 84' lang='lat' dir='ltr'><strong>Igitur</strong></span> <span class='ocrx_word' id='word_1_93' title='bbox 903 1270 1073 1318; x_wconf 79' lang='lat' dir='ltr'><strong>exinde</strong></span> <span class='ocrx_word' id='word_1_94' title='bbox 1098 1287 1208 1318; x_wconf 90' lang='lat' dir='ltr'><strong>cum</strong></span> <span class='ocrx_word' id='word_1_95' title='bbox 1238 1271 1388 1318; x_wconf 91' lang='lat' dir='ltr'><strong>multo</strong></span> <span class='ocrx_word' id='word_1_96' title='bbox 1420 1271 1666 1335; x_wconf 89' lang='lat' dir='ltr'><strong>psallentio</strong></span> <span class='ocrx_word' id='word_1_97' title='bbox 1689 1273 1736 1318; x_wconf 91' lang='lat' dir='ltr'><strong>in</strong></span> <span class='ocrx_word' id='word_1_98' title='bbox 1761 1273 1828 1320; x_wconf 88' lang='lat' dir='ltr'><strong>ci-</strong></span> 
     </span>
     <span class='ocr_line' id='line_1_14' title="bbox 420 1347 1830 1413; baseline 0.002 -20"><span class='ocrx_word' id='word_1_99' title='bbox 420 1347 614 1394; x_wconf 85' lang='lat' dir='ltr'><strong>vitatem</strong></span> <span class='ocrx_word' id='word_1_100' title='bbox 645 1348 914 1412; x_wconf 89' lang='lat' dir='ltr'><strong>suscipitur,</strong></span> <span class='ocrx_word' id='word_1_101' title='bbox 944 1357 992 1395; x_wconf 91' lang='lat' dir='ltr'><strong>et</strong></span> <span class='ocrx_word' id='word_1_102' title='bbox 1018 1348 1066 1394; x_wconf 90' lang='lat' dir='ltr'><strong>in</strong></span> <span class='ocrx_word' id='word_1_103' title='bbox 1092 1364 1176 1395; x_wconf 89' lang='lat' dir='ltr'><strong>sua</strong></span> <span class='ocrx_word' id='word_1_104' title='bbox 1197 1347 1391 1395; x_wconf 89' lang='lat' dir='ltr'><strong>ecclesia</strong></span> <span class='ocrx_word' id='word_1_105' title='bbox 1418 1349 1668 1413; x_wconf 91' lang='lat' dir='ltr'><strong>episcopus</strong></span> <span class='ocrx_word' id='word_1_106' title='bbox 1702 1349 1830 1396; x_wconf 88' lang='lat' dir='ltr'><strong>ordi-</strong></span> 
     </span>
     <span class='ocr_line' id='line_1_15' title="bbox 420 1433 578 1472; baseline 0.019 -3"><span class='ocrx_word' id='word_1_107' title='bbox 420 1433 578 1472; x_wconf 85' lang='lat' dir='ltr'><strong>natur.</strong></span> 
     </span>
    </p>

    <p class='ocr_par' dir='ltr' id='par_1_3' title="bbox 417 1501 1833 2257">
     <span class='ocr_line' id='line_1_16' title="bbox 485 1501 1832 1566; baseline 0.002 -18"><span class='ocrx_word' id='word_1_108' title='bbox 485 1502 532 1548; x_wconf 80' lang='lat'><strong>4.</strong></span> <span class='ocrx_word' id='word_1_109' title='bbox 570 1502 673 1548; x_wconf 90' lang='lat' dir='ltr'><strong>Jam</strong></span> <span class='ocrx_word' id='word_1_110' title='bbox 701 1517 815 1547; x_wconf 90' lang='lat' dir='ltr'><strong>vero</strong></span> <span class='ocrx_word' id='word_1_111' title='bbox 835 1510 1077 1565; x_wconf 90' lang='lat' dir='ltr'><strong>assumpto</strong></span> <span class='ocrx_word' id='word_1_112' title='bbox 1095 1501 1389 1566; x_wconf 89' lang='lat' dir='ltr'><strong>episcopatu,</strong></span> <span class='ocrx_word' id='word_1_113' title='bbox 1414 1510 1544 1549; x_wconf 85' lang='lat' dir='ltr'><strong>tanta</strong></span> <span class='ocrx_word' id='word_1_114' title='bbox 1567 1501 1832 1552; x_wconf 90' lang='lat' dir='ltr'><strong>humilitate</strong></span> 
     </span>
     <span class='ocr_line' id='line_1_17' title="bbox 420 1577 1830 1641; baseline 0.001 -18"><span class='ocrx_word' id='word_1_115' title='bbox 420 1585 644 1641; x_wconf 90' lang='lat' dir='ltr'><strong>tantaque</strong></span> <span class='ocrx_word' id='word_1_116' title='bbox 660 1577 887 1624; x_wconf 87' lang='lat' dir='ltr'><strong>charitate</strong></span> <span class='ocrx_word' id='word_1_117' title='bbox 904 1594 1015 1624; x_wconf 92' lang='lat' dir='ltr'><strong>cum</strong></span> <span class='ocrx_word' id='word_1_118' title='bbox 1037 1577 1263 1624; x_wconf 90' lang='lat' dir='ltr'><strong>omnibus</strong></span> <span class='ocrx_word' id='word_1_119' title='bbox 1283 1594 1394 1624; x_wconf 89' lang='lat' dir='ltr'><strong>usus</strong></span> <span class='ocrx_word' id='word_1_120' title='bbox 1412 1587 1500 1635; x_wconf 91' lang='lat' dir='ltr'><strong>est,</strong></span> <span class='ocrx_word' id='word_1_121' title='bbox 1522 1587 1576 1624; x_wconf 89' lang='lat' dir='ltr'><strong>ut</strong></span> <span class='ocrx_word' id='word_1_122' title='bbox 1594 1578 1654 1625; x_wconf 88' lang='lat' dir='ltr'><strong>ab</strong></span> <span class='ocrx_word' id='word_1_123' title='bbox 1674 1579 1830 1625; x_wconf 89' lang='lat' dir='ltr'><strong>omni-</strong></span> 
     </span>
     <span class='ocr_line' id='line_1_18' title="bbox 419 1653 1832 1717; baseline 0.003 -17"><span class='ocrx_word' id='word_1_124' title='bbox 419 1653 511 1701; x_wconf 89' lang='lat' dir='ltr'><strong>bus</strong></span> <span class='ocrx_word' id='word_1_125' title='bbox 538 1654 828 1717; x_wconf 85' lang='lat' dir='ltr'><strong>diligeretur.</strong></span> <span class='ocrx_word' id='word_1_126' title='bbox 864 1655 1143 1701; x_wconf 85' lang='lat' dir='ltr'><strong>Patientiam</strong></span> <span class='ocrx_word' id='word_1_127' title='bbox 1166 1671 1280 1702; x_wconf 89' lang='lat' dir='ltr'><strong>vero</strong></span> <span class='ocrx_word' id='word_1_128' title='bbox 1302 1654 1422 1702; x_wconf 88' lang='lat' dir='ltr'><strong>ultra</strong></span> <span class='ocrx_word' id='word_1_129' title='bbox 1448 1654 1699 1702; x_wconf 88' lang='lat' dir='ltr'><strong>hominum</strong></span> <span class='ocrx_word' id='word_1_130' title='bbox 1727 1672 1832 1704; x_wconf 91' lang='lat' dir='ltr'><strong>mo-</strong></span> 
     </span>
     <span class='ocr_line' id='line_1_19' title="bbox 420 1731 1833 1798; baseline 0.001 -20"><span class='ocrx_word' id='word_1_131' title='bbox 420 1747 521 1778; x_wconf 89' lang='lat' dir='ltr'><strong>rem</strong></span> <span class='ocrx_word' id='word_1_132' title='bbox 543 1731 742 1792; x_wconf 77' lang='lat' dir='ltr'><strong>liabens,</strong></span> <span class='ocrx_word' id='word_1_133' title='bbox 768 1732 832 1780; x_wconf 91' lang='lat' dir='ltr'><strong>ita</strong></span> <span class='ocrx_word' id='word_1_134' title='bbox 856 1742 924 1791; x_wconf 90' lang='lat' dir='ltr'><strong>ut,</strong></span> <span class='ocrx_word' id='word_1_135' title='bbox 950 1732 984 1778; x_wconf 90' lang='lat' dir='ltr'><strong>si</strong></span> <span class='ocrx_word' id='word_1_136' title='bbox 1006 1731 1098 1778; x_wconf 91' lang='lat' dir='ltr'><strong>dici</strong></span> <span class='ocrx_word' id='word_1_137' title='bbox 1115 1731 1181 1778; x_wconf 86' lang='lat' dir='ltr'><strong>fas</strong></span> <span class='ocrx_word' id='word_1_138' title='bbox 1199 1740 1285 1788; x_wconf 89' lang='lat' dir='ltr'><strong>est,</strong></span> <span class='ocrx_word' id='word_1_139' title='bbox 1309 1732 1458 1795; x_wconf 88' lang='lat' dir='ltr'><strong>Moysi</strong></span> <span class='ocrx_word' id='word_1_140' title='bbox 1477 1743 1833 1798; x_wconf 86' lang='lat' dir='ltr'><strong>compararetur</strong></span> 
     </span>
     <span class='ocr_line' id='line_1_20' title="bbox 420 1807 1829 1871; baseline 0.001 -17"><span class='ocrx_word' id='word_1_141' title='bbox 420 1808 480 1854; x_wconf 92' lang='lat' dir='ltr'><strong>ad</strong></span> <span class='ocrx_word' id='word_1_142' title='bbox 498 1807 704 1857; x_wconf 88' lang='lat' dir='ltr'><strong>diversas</strong></span> <span class='ocrx_word' id='word_1_143' title='bbox 727 1808 921 1871; x_wconf 88' lang='lat' dir='ltr'><strong>injurias</strong></span> <span class='ocrx_word' id='word_1_144' title='bbox 946 1808 1258 1856; x_wconf 85' lang='lat' dir='ltr'><strong>sustinendas.</strong></span> <span class='ocrx_word' id='word_1_145' title='bbox 1285 1808 1420 1856; x_wconf 87' lang='lat' dir='ltr'><strong>Unde</strong></span> <span class='ocrx_word' id='word_1_146' title='bbox 1444 1809 1619 1856; x_wconf 87' lang='lat' dir='ltr'><strong>factum</strong></span> <span class='ocrx_word' id='word_1_147' title='bbox 1645 1819 1714 1856; x_wconf 88' lang='lat' dir='ltr'><strong>est</strong></span> <span class='ocrx_word' id='word_1_148' title='bbox 1737 1818 1788 1856; x_wconf 90' lang='lat' dir='ltr'><strong>ut</strong></span> <span class='ocrx_word' id='word_1_149' title='bbox 1804 1826 1829 1857; x_wconf 92' lang='lat' dir='ltr'><strong>a</strong></span> 
     </span>
     <span class='ocr_line' id='line_1_21' title="bbox 420 1884 1831 1951; baseline 0.002 -21"><span class='ocrx_word' id='word_1_150' title='bbox 420 1884 696 1949; x_wconf 85' lang='lat' dir='ltr'><strong>presbytero</strong></span> <span class='ocrx_word' id='word_1_151' title='bbox 716 1901 804 1932; x_wconf 91' lang='lat' dir='ltr'><strong>suo</strong></span> <span class='ocrx_word' id='word_1_152' title='bbox 828 1886 876 1931; x_wconf 92' lang='lat' dir='ltr'><strong>in</strong></span> <span class='ocrx_word' id='word_1_153' title='bbox 899 1885 1121 1932; x_wconf 87' lang='lat' dir='ltr'><strong>convivio</strong></span> <span class='ocrx_word' id='word_1_154' title='bbox 1147 1901 1393 1949; x_wconf 87' lang='lat' dir='ltr'><strong>percussus</strong></span> <span class='ocrx_word' id='word_1_155' title='bbox 1412 1886 1461 1932; x_wconf 93' lang='lat' dir='ltr'><strong>in</strong></span> <span class='ocrx_word' id='word_1_156' title='bbox 1484 1886 1655 1951; x_wconf 89' lang='lat' dir='ltr'><strong>capite,</strong></span> <span class='ocrx_word' id='word_1_157' title='bbox 1691 1886 1755 1933; x_wconf 90' lang='lat' dir='ltr'><strong>ita</strong></span> <span class='ocrx_word' id='word_1_158' title='bbox 1782 1903 1831 1933; x_wconf 89' lang='lat' dir='ltr'><strong>se</strong></span> 
     </span>
     <span class='ocr_line' id='line_1_22' title="bbox 421 1961 1830 2026; baseline 0.001 -20"><span class='ocrx_word' id='word_1_159' title='bbox 421 1962 634 2024; x_wconf 85' lang='lat' dir='ltr'><strong>quietum</strong></span> <span class='ocrx_word' id='word_1_160' title='bbox 649 1961 924 2020; x_wconf 85' lang='lat' dir='ltr'><strong>reddiderit,</strong></span> <span class='ocrx_word' id='word_1_161' title='bbox 944 1971 993 2007; x_wconf 93' lang='lat' dir='ltr'><strong>ut</strong></span> <span class='ocrx_word' id='word_1_162' title='bbox 1017 1978 1104 2008; x_wconf 91' lang='lat' dir='ltr'><strong>nec</strong></span> <span class='ocrx_word' id='word_1_163' title='bbox 1123 1978 1391 2008; x_wconf 90' lang='lat' dir='ltr'><strong>sermonem</strong></span> <span class='ocrx_word' id='word_1_164' title='bbox 1404 1961 1598 2025; x_wconf 89' lang='lat' dir='ltr'><strong>quidem</strong></span> <span class='ocrx_word' id='word_1_165' title='bbox 1611 1977 1830 2026; x_wconf 82' lang='lat' dir='ltr'><strong>asperum</strong></span> 
     </span>
     <span class='ocr_line' id='line_1_23' title="bbox 422 2038 1832 2104; baseline 0.001 -20"><span class='ocrx_word' id='word_1_166' title='bbox 422 2039 765 2102; x_wconf 79' lang='lat' dir='ltr'><strong>respondisset3</strong></span> <span class='ocrx_word' id='word_1_167' title='bbox 801 2039 884 2085; x_wconf 92' lang='lat' dir='ltr'><strong>sed</strong></span> <span class='ocrx_word' id='word_1_168' title='bbox 915 2039 1075 2086; x_wconf 90' lang='lat' dir='ltr'><strong>omnia</strong></span> <span class='ocrx_word' id='word_1_169' title='bbox 1107 2055 1211 2103; x_wconf 87' lang='lat' dir='ltr'><strong>quae</strong></span> <span class='ocrx_word' id='word_1_170' title='bbox 1235 2039 1277 2085; x_wconf 92' lang='lat' dir='ltr'><strong>ei</strong></span> <span class='ocrx_word' id='word_1_171' title='bbox 1301 2038 1578 2086; x_wconf 90' lang='lat' dir='ltr'><strong>accidebant</strong></span> <span class='ocrx_word' id='word_1_172' title='bbox 1601 2039 1832 2104; x_wconf 88' lang='lat' dir='ltr'><strong>patienter</strong></span> 
     </span>
     <span class='ocr_line' id='line_1_24' title="bbox 423 2115 1827 2180; baseline 0.004 -20"><span class='ocrx_word' id='word_1_173' title='bbox 423 2115 592 2170; x_wconf 90' lang='lat' dir='ltr'><strong>serens,</strong></span> <span class='ocrx_word' id='word_1_174' title='bbox 619 2115 664 2161; x_wconf 90' lang='lat' dir='ltr'><strong>in</strong></span> <span class='ocrx_word' id='word_1_175' title='bbox 686 2116 772 2161; x_wconf 90' lang='lat' dir='ltr'><strong>Dei</strong></span> <span class='ocrx_word' id='word_1_176' title='bbox 803 2115 897 2162; x_wconf 94' lang='lat' dir='ltr'><strong>hoc</strong></span> <span class='ocrx_word' id='word_1_177' title='bbox 925 2115 1136 2171; x_wconf 86' lang='lat' dir='ltr'><strong>arbitrio,</strong></span> <span class='ocrx_word' id='word_1_178' title='bbox 1160 2132 1188 2163; x_wconf 89' lang='lat' dir='ltr'><strong>a</strong></span> <span class='ocrx_word' id='word_1_179' title='bbox 1211 2132 1308 2180; x_wconf 87' lang='lat' dir='ltr'><strong>quo</strong></span> <span class='ocrx_word' id='word_1_180' title='bbox 1331 2132 1380 2162; x_wconf 91' lang='lat' dir='ltr'><strong>se</strong></span> <span class='ocrx_word' id='word_1_181' title='bbox 1402 2115 1594 2180; x_wconf 85' lang='lat' dir='ltr'><strong>petebat</strong></span> <span class='ocrx_word' id='word_1_182' title='bbox 1615 2117 1827 2176; x_wconf 83' lang='lat' dir='ltr'><strong>enutriri,</strong></span> 
     </span>
     <span class='ocr_line' id='line_1_25' title="bbox 417 2191 1829 2257; baseline 0.001 -19"><span class='ocrx_word' id='word_1_183' title='bbox 417 2191 640 2254; x_wconf 78' lang='lat' dir='ltr'><strong>Jactabat.</strong></span> <span class='ocrx_word' id='word_1_184' title='bbox 661 2194 779 2238; x_wconf 88' lang='lat' dir='ltr'><strong>Nam</strong></span> <span class='ocrx_word' id='word_1_185' title='bbox 799 2202 843 2238; x_wconf 89' lang='lat' dir='ltr'><strong>et</strong></span> <span class='ocrx_word' id='word_1_186' title='bbox 860 2192 1090 2239; x_wconf 88' lang='lat' dir='ltr'><strong>Evodius¹</strong></span> <span class='ocrx_word' id='word_1_187' title='bbox 1111 2192 1312 2256; x_wconf 78' lang='lat' dir='ltr'><strong>quidam·</strong></span> <span class='ocrx_word' id='word_1_188' title='bbox 1330 2208 1386 2238; x_wconf 86' lang='lat' dir='ltr'><strong>ex</strong></span> <span class='ocrx_word' id='word_1_189' title='bbox 1409 2191 1705 2239; x_wconf 81' lang='lat' dir='ltr'><strong>senatoribus</strong></span> <span class='ocrx_word' id='word_1_190' title='bbox 1727 2210 1829 2257; x_wconf 80' lang='lat' dir='ltr'><strong>pre·</strong></span> 
     </span>
    </p>
   </div>
   <div class='ocr_carea' id='block_1_3' title="bbox 421 2266 1830 2330">
    <p class='ocr_par' dir='ltr' id='par_1_4' title="bbox 421 2266 1830 2330">
     <span class='ocr_line' id='line_1_26' title="bbox 421 2266 1830 2330; baseline 0.002 -16"><span class='ocrx_word' id='word_1_191' title='bbox 421 2266 599 2330; x_wconf 84' lang='lat' dir='ltr'><strong>sbyter,</strong></span> <span class='ocrx_word' id='word_1_192' title='bbox 624 2284 733 2314; x_wconf 90' lang='lat' dir='ltr'><strong>cum</strong></span> <span class='ocrx_word' id='word_1_193' title='bbox 756 2269 803 2314; x_wconf 92' lang='lat' dir='ltr'><strong>in</strong></span> <span class='ocrx_word' id='word_1_194' title='bbox 827 2269 1046 2315; x_wconf 86' lang='lat' dir='ltr'><strong>convivio</strong></span> <span class='ocrx_word' id='word_1_195' title='bbox 1064 2269 1268 2316; x_wconf 81' lang='lat' dir='ltr'><strong>ecclesiae</strong></span> <span class='ocrx_word' id='word_1_196' title='bbox 1282 2285 1391 2315; x_wconf 89' lang='lat' dir='ltr'><strong>eum</strong></span> <span class='ocrx_word' id='word_1_197' title='bbox 1406 2269 1564 2315; x_wconf 90' lang='lat' dir='ltr'><strong>multis</strong></span> <span class='ocrx_word' id='word_1_198' title='bbox 1583 2269 1830 2322; x_wconf 85' lang='lat' dir='ltr'><strong>calumniis</strong></span> 
     </span>
    </p>
   </div>
   <div class='ocr_carea' id='block_1_4' title="bbox 383 2344 1829 2563">
    <p class='ocr_par' dir='ltr' id='par_1_5' title="bbox 383 2344 1829 2563">
     <span class='ocr_line' id='line_1_27' title="bbox 421 2344 1829 2408; baseline 0.003 -18"><span class='ocrx_word' id='word_1_199' title='bbox 421 2353 562 2408; x_wconf 88' lang='lat' dir='ltr'><strong>atque</strong></span> <span class='ocrx_word' id='word_1_200' title='bbox 593 2345 818 2391; x_wconf 89' lang='lat' dir='ltr'><strong>conviciis</strong></span> <span class='ocrx_word' id='word_1_201' title='bbox 851 2344 1124 2404; x_wconf 82' lang='lat' dir='ltr'><strong>lacessisset,</strong></span> <span class='ocrx_word' id='word_1_202' title='bbox 1158 2361 1446 2408; x_wconf 88' lang='lat' dir='ltr'><strong>consurgens</strong></span> <span class='ocrx_word' id='word_1_203' title='bbox 1478 2345 1698 2393; x_wconf 86' lang='lat' dir='ltr'><strong>sacerdos</strong></span> <span class='ocrx_word' id='word_1_204' title='bbox 1724 2346 1829 2395; x_wconf 89' lang='lat' dir='ltr'><strong>loca</strong></span> 
     </span>
     <span class='ocr_line' id='line_1_28' title="bbox 422 2420 1827 2470; baseline 0.003 -4"><span class='ocrx_word' id='word_1_205' title='bbox 422 2420 722 2467; x_wconf 85' lang='lat' dir='ltr'><strong>basilicarum</strong></span> <span class='ocrx_word' id='word_1_206' title='bbox 737 2431 1005 2468; x_wconf 87' lang='lat' dir='ltr'><strong>sanctarum</strong></span> <span class='ocrx_word' id='word_1_207' title='bbox 1021 2421 1247 2469; x_wconf 88' lang='lat' dir='ltr'><strong>circuibat</strong></span> <span class='ocrx_word' id='word_1_208' title='bbox 1267 2440 1277 2468; x_wconf 74' lang='grc' dir='ltr'><strong><em>ε</em></strong></span> <span class='ocrx_word' id='word_1_209' title='bbox 1295 2431 1452 2468; x_wconf 89' lang='lat' dir='ltr'><strong>tamen</strong></span> <span class='ocrx_word' id='word_1_210' title='bbox 1468 2438 1578 2469; x_wconf 91' lang='lat' dir='ltr'><strong>cum</strong></span> <span class='ocrx_word' id='word_1_211' title='bbox 1594 2422 1688 2469; x_wconf 92' lang='lat' dir='ltr'><strong>hoc</strong></span> <span class='ocrx_word' id='word_1_212' title='bbox 1702 2425 1827 2470; x_wconf 92' lang='lat' dir='ltr'><strong>Evo-</strong></span> 
     </span>
     <span class='ocr_line' id='line_1_29' title="bbox 383 2489 1825 2563; baseline 0.002 -20"><span class='ocrx_word' id='word_1_213' title='bbox 383 2495 387 2498; x_wconf 74' lang='grc'><strong>’</strong></span> <span class='ocrx_word' id='word_1_214' title='bbox 421 2496 504 2543; x_wconf 91' lang='lat' dir='ltr'><strong>dio</strong></span> <span class='ocrx_word' id='word_1_215' title='bbox 526 2496 686 2544; x_wconf 90' lang='lat' dir='ltr'><strong>fuisset</strong></span> <span class='ocrx_word' id='word_1_216' title='bbox 708 2498 963 2561; x_wconf 89' lang='lat' dir='ltr'><strong>perlatum,</strong></span> <span class='ocrx_word' id='word_1_217' title='bbox 989 2508 1097 2563; x_wconf 90' lang='lat' dir='ltr'><strong>post</strong></span> <span class='ocrx_word' id='word_1_218' title='bbox 1122 2489 1231 2545; x_wconf 74' lang='lat' dir='ltr'><strong>euni</strong></span> <span class='ocrx_word' id='word_1_219' title='bbox 1260 2515 1398 2545; x_wconf 91' lang='lat' dir='ltr'><strong>cursu</strong></span> <span class='ocrx_word' id='word_1_220' title='bbox 1428 2498 1575 2545; x_wconf 90' lang='lat' dir='ltr'><strong>veloci</strong></span> <span class='ocrx_word' id='word_1_221' title='bbox 1599 2499 1825 2562; x_wconf 88' lang='lat' dir='ltr'><strong>dirigens,</strong></span> 
     </span>
    </p>
   </div>
   <div class='ocr_carea' id='block_1_5' title="bbox 422 2574 1873 2640">
    <p class='ocr_par' dir='ltr' id='par_1_6' title="bbox 422 2574 1873 2640">
     <span class='ocr_line' id='line_1_30' title="bbox 422 2574 1873 2640; baseline 0 -21"><span class='ocrx_word' id='word_1_222' title='bbox 422 2582 468 2619; x_wconf 88' lang='lat' dir='ltr'><strong>et</strong></span> <span class='ocrx_word' id='word_1_223' title='bbox 483 2589 531 2619; x_wconf 92' lang='lat' dir='ltr'><strong>se</strong></span> <span class='ocrx_word' id='word_1_224' title='bbox 549 2583 660 2620; x_wconf 88' lang='lat' dir='ltr'><strong>ante</strong></span> <span class='ocrx_word' id='word_1_225' title='bbox 677 2574 822 2638; x_wconf 91' lang='lat' dir='ltr'><strong>pedes</strong></span> <span class='ocrx_word' id='word_1_226' title='bbox 844 2574 942 2638; x_wconf 88' lang='lat' dir='ltr'><strong>ejus</strong></span> <span class='ocrx_word' id='word_1_227' title='bbox 954 2574 1002 2621; x_wconf 89' lang='lat' dir='ltr'><strong>in</strong></span> <span class='ocrx_word' id='word_1_228' title='bbox 1017 2575 1117 2640; x_wconf 88' lang='lat' dir='ltr'><strong>ipsa</strong></span> <span class='ocrx_word' id='word_1_229' title='bbox 1136 2576 1287 2639; x_wconf 88' lang='lat' dir='ltr'><strong>platea</strong></span> <span class='ocrx_word' id='word_1_230' title='bbox 1305 2584 1624 2639; x_wconf 87' lang='lat' dir='ltr'><strong>prosternens,</strong></span> <span class='ocrx_word' id='word_1_231' title='bbox 1641 2576 1828 2623; x_wconf 88' lang='lat' dir='ltr'><strong>veniam</strong></span> <span class='ocrx_word' id='word_1_232' title='bbox 1869 2615 1873 2619; x_wconf 92' lang='lat'>.</span> 
     </span>
    </p>
   </div>
   <div class='ocr_carea' id='block_1_6' title="bbox 422 2651 1829 2717">
    <p class='ocr_par' dir='ltr' id='par_1_7' title="bbox 422 2651 1829 2717">
     <span class='ocr_line' id='line_1_31' title="bbox 422 2651 1829 2717; baseline 0.004 -22"><span class='ocrx_word' id='word_1_233' title='bbox 422 2651 572 2713; x_wconf 85' lang='lat' dir='ltr'><strong>petiit,</strong></span> <span class='ocrx_word' id='word_1_234' title='bbox 599 2651 858 2715; x_wconf 87' lang='lat' dir='ltr'><strong>deprecans</strong></span> <span class='ocrx_word' id='word_1_235' title='bbox 875 2661 927 2698; x_wconf 89' lang='lat' dir='ltr'><strong>ut</strong></span> <span class='ocrx_word' id='word_1_236' title='bbox 948 2669 1051 2699; x_wconf 89' lang='lat' dir='ltr'><strong>eam</strong></span> <span class='ocrx_word' id='word_1_237' title='bbox 1075 2653 1229 2699; x_wconf 87' lang='lat' dir='ltr'><strong>oratio</strong></span> <span class='ocrx_word' id='word_1_238' title='bbox 1252 2652 1353 2715; x_wconf 86' lang='lat' dir='ltr'><strong>ejus</strong></span> <span class='ocrx_word' id='word_1_239' title='bbox 1375 2668 1484 2698; x_wconf 90' lang='lat' dir='ltr'><strong>cum</strong></span> <span class='ocrx_word' id='word_1_240' title='bbox 1501 2653 1829 2717; x_wconf 89' lang='lat' dir='ltr'><strong>omnipotente</strong></span> 
     </span>
    </p>
   </div>
   <div class='ocr_carea' id='block_1_7' title="bbox 478 2815 1289 2870">
    <p class='ocr_par' dir='ltr' id='par_1_8' title="bbox 478 2815 1289 2870">
     <span class='ocr_line' id='line_1_32' title="bbox 478 2815 1289 2870; baseline 0.005 -17"><span class='ocrx_word' id='word_1_241' title='bbox 478 2815 536 2867; x_wconf 84' lang='lat'><strong>(1)</strong></span> <span class='ocrx_word' id='word_1_242' title='bbox 564 2815 654 2863; x_wconf 66' lang='lat' dir='ltr'><strong>Ed„</strong></span> <span class='ocrx_word' id='word_1_243' title='bbox 675 2817 771 2854; x_wconf 90' lang='lat' dir='ltr'><strong>sicut</strong></span> <span class='ocrx_word' id='word_1_244' title='bbox 790 2826 827 2855; x_wconf 86' lang='lat' dir='ltr'><strong>et</strong></span> <span class='ocrx_word' id='word_1_245' title='bbox 844 2817 958 2866; x_wconf 80' lang='lat' dir='ltr'><strong>infra,</strong></span> <span class='ocrx_word' id='word_1_246' title='bbox 981 2819 1184 2857; x_wconf 73' lang='lat' dir='ltr'><strong>Ennodius.</strong></span> <span class='ocrx_word' id='word_1_247' title='bbox 1203 2817 1289 2870; x_wconf 81' lang='lat' dir='ltr'>(R.)</span> 
     </span>
    </p>
   </div>
  </div>
 </body>
</html>
