2054 3450
439 355 515 392 386
952 354 1080 390 VITAE
1106 354 1323 391 PATRUM.

437 441 674 488 abscessit.
706 442 861 486 Mutus
885 440 1025 486 etiam
1052 440 1113 487 ad
1136 439 1266 487 hunc
1293 439 1442 486 beatae
1471 441 1704 488 tumulum
1728 458 1837 506 pro-

437 528 605 565 stratus
631 517 867 575 accubuit,
893 516 976 580 qui
1002 517 1049 563 in
1080 526 1261 563 tantum
1288 516 1382 563 fide
1407 527 1719 581 compunctus
1750 528 1834 574 est,

437 605 489 641 ut
513 595 622 641 rivis
643 594 957 658 lacrymarum
974 593 1151 640 cellulae
1164 592 1374 639 inficeret
1392 593 1729 657 pavimentum.
1746 595 1840 652 Qui

436 687 724 734 consurgens
758 670 974 717 absoluta
1007 670 1165 732 lingua
1198 670 1369 716 virtute
1408 669 1570 716 divina
1608 685 1842 733 regressus

435 757 522 794 est.
556 747 680 794 Alius
709 747 912 811 denique
944 756 1102 793 mutus
1130 747 1340 805 veniens,
1372 756 1418 793 et
1441 747 1488 792 in
1516 746 1731 794 oratione
1753 746 1840 794 de·-

435 823 682 884 cumbens,
713 823 858 870 corde
883 833 1069 870 tantum
1097 822 1399 887 implorabat,
1427 832 1472 869 et
1497 839 1594 868 non
1621 839 1739 870 voce
1761 839 1840 869 so-

435 899 588 959 lubili,
612 900 758 946 beatae
783 899 966 946 feminae
991 900 1216 946 auxilium
1243 917 1253 945 :
1289 901 1338 946 in
1362 899 1494 962 cujus
1528 915 1610 946 ore
1647 899 1708 947 de
1742 916 1841 947 me-

435 986 618 1023 morata
641 976 969 1023 benedictione
982 985 1113 1040 parte
1132 976 1301 1034 infusa,
1321 986 1598 1040 erumpente
1617 977 1842 1038 sanguine

434 1053 581 1100 mixto
628 1070 738 1100 cum
782 1069 916 1117 pure,
969 1053 1099 1100 vocis
1147 1052 1356 1099 officium
1410 1053 1582 1099 meruit
1626 1053 1837 1118 adipisci.

435 1130 732 1193 Frigoriticus
769 1145 960 1193 quoque
994 1130 1220 1177 accedens
1253 1130 1314 1177 ad
1337 1129 1430 1176 hoc
1458 1140 1837 1190 monumentum,

434 1218 484 1254 ut
526 1207 698 1271 pallam
753 1217 987 1270 tegentem
1034 1208 1213 1269 attigit,
1278 1207 1496 1253 restincta
1546 1207 1841 1271 contagionis

432 1282 576 1340 febre,
618 1282 872 1330 convaluit.
910 1285 1190 1330 Contractus
1230 1299 1360 1339 ver0,
1405 1284 1588 1329 Marcus
1625 1284 1834 1345 nomine,

434 1359 653 1406 manibus
671 1359 946 1424 deportatus
961 1359 1161 1408 aliorum
1181 1359 1242 1407 ad
1261 1360 1530 1424 sepulcrum
1549 1360 1714 1422 beatae,
1735 1377 1840 1409 ora-

431 1438 611 1484 tionem
647 1436 908 1485 diutissime
945 1437 1080 1484 fudit.
1123 1439 1252 1484 Hora
1286 1446 1446 1484 autem
1478 1453 1606 1483 nona
1639 1437 1839 1501 pedibus

431 1514 634 1578 propriis
655 1515 780 1560 stetit
798 1513 1092 1578 domumque
1114 1529 1348 1576 regressus
1364 1522 1449 1560 est.
1469 1513 1703 1560 Leodinus
1721 1530 1841 1578 puer

429 1606 540 1636 cum
568 1591 616 1636 in
644 1589 960 1636 valetudinem
984 1606 1175 1652 gravem
1197 1590 1379 1636 irruens
1401 1598 1570 1653 quarto
1596 1599 1839 1653 aegrotaret

430 1682 608 1724 mense,
638 1676 684 1712 et
716 1683 812 1712 non
838 1666 992 1712 solum
1015 1682 1241 1729 gressum,
1268 1682 1433 1712 verum
1456 1666 1598 1713 etiam
1618 1665 1837 1714 ciborum

429 1759 585 1803 usum,
613 1742 854 1789 insistente
887 1742 1015 1790 febre
1037 1743 1183 1790 nimia
1212 1742 1508 1806 perdidisset,
1543 1743 1604 1790 ad
1630 1743 1730 1806 ejus
1752 1742 1836 1791 de-

427 1828 641 1883 portatus
670 1819 938 1884 sepulcrum
971 1830 1300 1885 praemortuus,
1341 1830 1532 1885 accepta
1562 1820 1710 1868 salute
1731 1837 1834 1868 sur-

426 1895 542 1941 rexit
567 1912 592 1942 e
615 1894 799 1942 tumulo
828 1895 1079 1943 redivivus.
1109 1896 1235 1953 Quid
1257 1896 1316 1943 de
1356 1896 1621 1960 frigoriticis
1645 1898 1837 1962 reliquis

426 1968 610 2032 loquar,
644 1986 751 2015 cum
793 1969 1025 2033 plerisque
1057 1969 1149 2016 hoc
1181 1970 1267 2016 fuit
1299 1969 1585 2017 beneficium
1615 1971 1830 2026 remedii,

426 2057 534 2087 cum
560 2041 731 2105 pallam
757 2042 926 2088 tumuli
956 2042 1055 2104 ejus
1090 2053 1199 2089 sunt
1219 2041 1433 2100 ⁴fideliter
1458 2043 1683 2090 osculati?
1705 2044 1832 2101 Quid

427 2117 568 2163 etiam
592 2117 651 2163 de
669 2118 1014 2180 energumenis,
1041 2118 1123 2180 qui
1141 2117 1332 2164 adducti
1352 2118 1414 2165 ad
1433 2118 1648 2166 cellulam
1661 2119 1827 2180 beata,

425 2208 535 2239 cum
573 2193 716 2240 limen
750 2203 966 2240 sanctum
1014 2193 1186 2240 fuerint
1221 2194 1414 2256 ingressi
1465 2195 1654 2259 integrae
1685 2196 1834 2245 menti

427 2269 763 2315 restituuntur?
800 2271 895 2316 Nec
928 2279 1140 2316 moratur
1171 2269 1299 2317 larva
1339 2269 1497 2334 egredi
1542 2287 1569 2317 e
1610 2287 1829 2337 corpore,

426 2360 534 2391 cum
564 2354 734 2392 sanctae
760 2345 901 2407 hujus
927 2346 1125 2392 senserit
1147 2345 1308 2393 adesse
1335 2347 1573 2408 virtutem,
1602 2356 1830 2412 operante

424 2419 518 2467 hoc
541 2421 749 2467 Domino
773 2430 938 2468 nostro
960 2423 1067 2468 Jesu
1091 2421 1294 2479 Christo,
1329 2423 1412 2486 qui
1440 2422 1713 2470 timentibus
1736 2439 1826 2470 no-

423 2513 532 2544 men
556 2513 697 2545 suum
718 2497 910 2562 praemia
930 2496 1124 2561 largitur
1146 2507 1335 2547 aeterna.
