2054 3450
410 336 426 371 1
437 334 485 370 52
922 331 1048 366 VITAE
1075 331 1293 368 PATRUM.

408 419 685 483 martyrium
717 434 818 464 non
861 417 1110 475 lacessivit,
1150 418 1238 482 ipsi
1270 416 1359 464 sibi
1395 427 1719 482 persecutores
1749 418 1816 465 ef-

407 496 532 552 fecti,
560 494 707 541 modo
736 503 787 540 ut
817 494 947 557 digni
979 497 1080 540 Deo
1105 494 1410 548 haberentur,
1442 494 1649 542 diversas
1677 494 1818 542 absti-

408 572 579 619 nentiae
599 587 761 618 cruces
778 570 1123 628 adhibuerunt;
1141 580 1188 617 et
1211 580 1261 617 ut
1283 569 1574 617 mortificatis
1593 571 1818 619 membris

408 650 494 697 soli
517 650 583 696 illi
606 650 835 706 viverent,
860 649 920 695 de
941 665 1038 711 quo
1060 648 1188 695 idem
1212 648 1461 712 Apostolus
1488 648 1606 696 dixit
1630 667 1641 696 ε
1676 669 1698 692 (ι
1715 653 1818 697 Jam

409 743 508 773 non
530 727 642 773 vivo
670 742 777 789 ego,
802 726 917 772 vivit
937 734 1095 772 autem
1125 725 1172 770 in
1200 741 1276 771 me
1297 724 1537 783 Christus,
1567 745 1590 768 2>
1620 734 1666 772 et
1685 725 1814 783 alibi,

408 803 612 865 allegans
631 802 748 849 illud
767 801 938 865 psalmi
956 801 1300 865 quadragesimi
1320 801 1444 847 tertii
1470 819 1481 847 x
1514 821 1536 844 α
1557 804 1756 866 Propter
1774 791 1827 849 te

409 879 752 926 mortificamur
774 888 872 925 tota
889 877 994 937 die;
1022 878 1234 924 aestimati
1253 893 1434 938 sumus,
1462 877 1582 925 sicut
1603 893 1717 924 oves
1740 894 1822 925 oc-

409 956 615 1002 cisionis.
644 975 665 998 »
706 954 1005 1018 Aspiciebant
1029 954 1158 1000 enim
1188 970 1274 1017 per
1297 954 1403 1000 illos
1432 954 1602 1000 mentis
1626 954 1822 1002 internae

411 1032 572 1079 oculos
590 1032 851 1078 Dominum
874 1032 1105 1081 coelorutn
1127 1030 1425 1077 descendisse
1445 1029 1506 1078 ad
1531 1039 1695 1088 terras,
1721 1043 1820 1078 non

411 1108 648 1171 abjectum
672 1109 733 1156 ad
754 1107 1087 1165 humilitatem,
1122 1107 1205 1155 sed
1226 1107 1529 1155 humiliatum
1557 1108 1822 1154 misericor-

411 1184 533 1232 diter
555 1185 618 1232 ad
643 1185 812 1231 mundi
840 1185 1215 1249 redemptionem
1243 1203 1253 1230 :
1288 1184 1578 1249 aspiciebant
1600 1184 1821 1248 penden-

411 1272 507 1308 tem
538 1262 586 1308 in
613 1261 846 1326 patibulo,
881 1278 980 1307 non
1012 1261 1196 1308 deitatis
1221 1261 1438 1324 gloriam,
1474 1261 1558 1307 sed
1593 1262 1821 1327 assumpti

411 1339 625 1403 corporis
644 1338 850 1385 hostiam
872 1338 1120 1399 mundam,
1137 1338 1198 1385 de
1214 1354 1308 1402 qua
1326 1341 1532 1385 Joannes
1545 1338 1688 1402 paulo
1710 1348 1820 1386 ante

411 1415 687 1479 praedixerat
713 1433 723 1461 z
754 1436 777 1458 α
802 1417 922 1461 Ecce
947 1419 1101 1478 Agnus
1122 1416 1230 1473 Dei,
1255 1430 1366 1462 ecce
1387 1415 1470 1478 qui
1492 1414 1614 1462 tollit
1630 1425 1823 1479 peccata

413 1491 553 1554 hujus
588 1491 773 1538 mundi.
807 1513 829 1534 n
862 1491 1111 1538 Habebant
1135 1492 1184 1538 in
1220 1508 1270 1538 se
1297 1502 1343 1538 et
1378 1492 1623 1539 clavorum
1641 1491 1822 1540 affixio·

411 1584 541 1628 nem,
568 1584 678 1614 cum
701 1585 729 1615 a
756 1569 924 1615 timore
942 1569 1043 1631 ejus
1061 1568 1253 1627 confixi,
1279 1578 1421 1632 atque
1443 1585 1471 1616 a
1490 1568 1678 1631 judiciis
1701 1569 1820 1615 divi-

411 1647 485 1692 nis
527 1646 758 1704 exterriti,
796 1646 911 1692 nihil
948 1647 1198 1708 indignum
1242 1646 1342 1709 ejus
1382 1646 1737 1710 omnipotentiae
1772 1646 1821 1692 in

411 1722 623 1786 corporis
657 1723 728 1768 sui
763 1722 1055 1768 habitatione
1090 1722 1341 1786 gerebant,
1381 1723 1513 1786 juxta
1541 1722 1658 1769 illud
1691 1723 1822 1787 quod

413 1800 595 1864 psalmo
618 1801 875 1846 centesimo
895 1799 1082 1846 decimo
1101 1809 1268 1847 octavo
1285 1801 1510 1864 scriptum
1529 1811 1599 1846 est
1617 1818 1627 1846 ε
1651 1820 1674 1843 ι(
1694 1803 1823 1847 Con-

412 1876 502 1938 fige
547 1877 716 1922 timore
761 1885 843 1922 tuo
883 1892 1049 1922 carnes
1081 1893 1237 1934 meas,
1285 1892 1315 1923 a
1348 1876 1537 1939 judiciis
1571 1877 1701 1923 enim
1733 1877 1824 1923 tuis

412 1952 546 1997 tinui.
578 1971 602 1995 »
639 1951 863 2013 Fulgebat
890 1953 939 1998 in
965 1952 1039 1997 his
1063 1962 1108 1998 et
1135 1952 1251 1998 illud
1284 1952 1636 1999 resurrectionis
1660 1951 1821 2000 lumen

411 2029 609 2089 insigne,
646 2044 744 2092 quo
781 2029 974 2090 angelus
1008 2028 1204 2088 refulsit,
1241 2029 1357 2075 dum
1389 2028 1587 2075 revolvit
1616 2028 1823 2093 lapidem

414 2105 729 2164 monumenti,
752 2104 812 2151 de
832 2121 928 2167 quo
956 2106 1100 2151 Marci
1125 2105 1311 2151 decimo
1335 2115 1465 2152 sexto
1491 2123 1501 2150 ε
1540 2124 1563 2149 «
1589 2108 1645 2152 Et
1677 2106 1824 2153 intro-

413 2192 578 2227 euntes
596 2181 643 2227 in
665 2191 1050 2243 monumentum,
1077 2182 1295 2228 videru-nt
1323 2182 1548 2244 juvenem
1576 2181 1823 2229 sedentem

413 2257 460 2302 in
477 2256 668 2316 dextris,
688 2266 967 2321 coopertum
981 2257 1101 2304 stola
1122 2257 1344 2318 candida,
1362 2268 1409 2304 et
1424 2257 1818 2322 obstupuerunt.»

412 2335 520 2390 Quo
540 2342 587 2379 et
606 2336 737 2379 Jesus
764 2333 1003 2397 splenduit
1025 2334 1114 2380 sub
1138 2335 1216 2381 illa
1235 2335 1463 2380 ostiorum
1491 2334 1826 2382 obseratorum

413 2408 691 2468 inclusione,
717 2426 828 2455 cum
851 2410 1133 2474 improvisus
1161 2412 1210 2457 in
1236 2411 1395 2458 medio
1418 2411 1662 2475 apostolici
1686 2428 1822 2458 sena-

416 2494 488 2531 tus
525 2486 664 2532 astitit
707 2489 934 2533 comitatu
969 2507 981 2534 ε
1029 2505 1149 2551 quos
1188 2487 1316 2534 idem
1354 2488 1588 2534 Dominus
1629 2487 1822 2535 eosdem

414 2561 569 2608 verbis
598 2563 703 2609 vitae
725 2562 946 2610 imbuens
970 2565 1147 2613 coelesti
1168 2574 1238 2610 est
1263 2573 1451 2610 evectus
1474 2565 1522 2610 in
1546 2580 1670 2610 arce.
1697 2566 1822 2611 Inter

414 2654 534 2701 quos
569 2648 614 2684 et
647 2638 811 2686 beatus
840 2640 1078 2687 confessor
1118 2640 1294 2687 lllidius
1333 2640 1397 2687 ita
1429 2640 1530 2686 haec
1568 2641 1728 2687 omnia
1771 2642 1820 2687 in

413 2713 571 2760 cordis
599 2716 670 2761 sui
703 2715 1007 2763 tabernaculo
1039 2717 1305 2773 collocavit,
1337 2726 1389 2762 ut
1415 2726 1461 2762 et
1496 2717 1597 2780 ipse
1626 2733 1821 2780 quoque

413 2790 642 2854 templum
676 2793 822 2838 sancti
854 2794 1053 2856 Spiritus
1091 2793 1211 2840 effici
1252 2803 1510 2839 mereretur
1544 2811 1555 2839 :
1589 2793 1649 2841 de
1683 2794 1821 2857 cujus
