2054 3450
410 312 484 348 112
774 313 840 347 DE
867 312 1051 349 GLORIA
1079 313 1449 352 CONFESSORUM.

971 482 1125 516 CAPUT
1150 482 1247 538 CVI³

790 583 839 616 De
856 583 955 617 beata
977 582 1193 628 Radegunde
1210 582 1429 620 Pictaviensi.

472 703 607 746 Beata
637 716 748 746 vero
775 700 1072 763 Radegundis
1098 701 1229 764 cujus
1256 701 1305 747 in
1332 701 1464 747 initio
1494 701 1602 748 libri
1636 705 1808 767 Marty-

404 793 509 822 rum
544 777 865 835 meminimus,
901 786 1008 840 post
1029 778 1253 824 emeritos
1281 777 1385 823 vitae
1413 777 1597 824 labores
1624 778 1685 825 ab
1713 780 1807 828 hoc

403 851 584 899 mundo
617 853 828 915 migravit
852 871 862 899 ε
886 854 945 900 de
977 854 1108 916 cujus
1145 855 1336 900 transitu
1372 854 1652 919 accipientes
1682 873 1804 904 nun-

402 930 544 987 tium,
571 930 632 976 ad
655 932 995 977 monasterium
1016 932 1317 978 Pictavensis¹
1344 931 1472 978 urbis
1499 934 1802 994 accessimus,

401 1006 534 1070 quod
559 1007 658 1070 ipsa
678 1007 956 1054 instituerat.
982 1008 1253 1071 Reperimus
1275 1018 1432 1054 autern
1450 1024 1554 1054 eam
1571 1009 1807 1072 jacentem

402 1085 448 1130 in
476 1085 662 1143 feretro,
692 1086 825 1147 cujus
847 1096 1006 1132 sancta
1031 1086 1169 1132 facies
1194 1086 1254 1132 ita
1277 1086 1496 1149 fulgebat,
1527 1097 1577 1133 ut
1601 1087 1804 1135 liliorum

402 1177 711 1226 rosarumque
745 1174 985 1226 sperneret
1017 1163 1433 1227 pulchritudinem.
1474 1164 1637 1212 Stabat
1679 1166 1804 1215 enim

401 1239 533 1284 circa'
556 1239 777 1284 feretrum
807 1239 1059 1285 multitudo
1091 1239 1319 1286 immensa
1347 1240 1801 1300 sanctimonialium,

400 1314 461 1361 ad
485 1332 733 1361 numerum
754 1316 936 1361 circiter
959 1315 1287 1371 ducentarum,
1313 1333 1416 1378 quae
1440 1333 1524 1380 per
1547 1317 1668 1363 illius
1688 1333 1802 1380 prae·

400 1391 687 1438 dicationem
723 1408 959 1438 conversae
993 1393 1134 1438 vitam
1169 1402 1379 1438 sanctam
1413 1392 1638 1454 agebant,
1674 1410 1798 1456 quae,

400 1468 659 1514 secundum
684 1468 836 1514 saeculi
864 1468 1163 1529 dignitatem,
1194 1485 1291 1514 non
1322 1469 1464 1514 modo
1491 1468 1550 1516 de
1577 1471 1803 1516 senatori-

398 1544 509 1600 bus,
542 1562 703 1591 verum
734 1546 872 1591 etiam
904 1546 1142 1591 nonnullae
1171 1545 1229 1590 de
1256 1546 1355 1609 ipsa
1386 1545 1527 1606 regali
1551 1545 1692 1609 stirpe
1715 1545 1803 1593 bac

399 1620 633 1682 religionis
663 1621 811 1666 forma
841 1620 1088 1667 florebant.
1120 1620 1312 1667 Stabant
1342 1631 1497 1667 autem
1531 1621 1802 1684 plangentes

397 1707 538 1761 atque
570 1697 777 1743 dicentes
805 1715 814 1742 :
847 1718 867 1740 α
884 1698 968 1743 Cui
992 1715 1079 1743 nos
1115 1698 1352 1762 orphanas
1377 1708 1523 1744 mater
1548 1698 1800 1762 relinquis?

397 1776 473 1821 cui
505 1792 591 1821 uos
620 1774 850 1821 desolatas
877 1775 1212 1820 colliniendas?
1245 1775 1529 1838 Reliquimus
1561 1785 1796 1838 parentes,

399 1851 733 1914 facultatesque
762 1867 816 1897 ac
841 1852 1055 1915 patriam,
1078 1861 1123 1897 et
1147 1861 1190 1897 te
1214 1860 1380 1897 secuta*
1402 1867 1582 1896 sumus.
1606 1851 1691 1897 Cui
1712 1867 1800 1907 nos

397 1927 638 1990 relinquis,
666 1928 750 1973 nisi
770 1927 1006 1991 perpetuis
1027 1926 1240 1990 lacrymis
1262 1936 1308 1972 et
1325 1943 1570 1989 nunquam
1588 1926 1797 1973 finiendo

397 2003 582 2049 dolori?
614 2007 730 2050 Ecce
758 2021 901 2067 usque
931 2020 1056 2049 nunc
1088 2003 1235 2066 ntajus
1267 2003 1403 2049 nobis
1435 2013 1531 2049 erat
1562 2002 1656 2049 hoc
1686 2020 1798 2050 mo-

398 2081 653 2127 nasterium
683 2096 827 2143 quam
859 2079 1071 2126 villarum
1105 2090 1184 2126 aut
1215 2080 1455 2127 civitatum
1491 2080 1660 2142 spatia,
1694 2097 1798 2142 quae

396 2174 682 2221 quocunque
707 2156 814 2203 loco
838 2156 1199 2212 accedebamus,
1224 2155 1598 2219 contemplantes
1621 2156 1794 2218 glorio—

395 2250 495 2281 sam
518 2234 683 2281 faciem
706 2244 854 2291 tuam,
880 2233 947 2280 ibi
966 2232 1318 2280 inveniebamus
1336 2249 1522 2290 aurum,
1544 2231 1608 2278 ibi
1629 2248 1794 2296 argen-

395 2323 521 2370 tum3
559 2311 623 2358 ibi
654 2310 1021 2375 suscipiebamus
1052 2311 1272 2356 florentes
1309 2311 1490 2366 vineaS‚
1526 2320 1794 2373 segetesque

394 2397 656 2445 comantes3
681 2388 745 2434 ibi
771 2396 901 2451 prata
930 2386 1220 2433 diversorum
1252 2386 1425 2433 florum
1448 2387 1666 2433 varietate
1693 2403 1793 2434 ver-

395 2468 571 2514 nantia.
608 2473 641 2512 A
670 2476 715 2512 te
750 2464 1058 2528 carpebamus
1087 2464 1258 2521 violas;
1300 2474 1347 2510 tu
1381 2464 1521 2510 nobis
1554 2480 1655 2510 eras
1688 2480 1794 2530 rosa

394 2543 589 2590 rutilans
613 2553 656 2589 et
683 2541 832 2588 lilium
856 2540 1062 2587 candens
1086 2559 1094 2586 :
1119 2551 1197 2587 tua
1227 2540 1363 2586 nobis
1394 2540 1533 2587 verba
1561 2541 1691 2603 quasi
1721 2540 1790 2587 sol

393 2619 776 2683 resplendebant,
799 2627 845 2664 et
862 2617 994 2681 quasi
1014 2617 1125 2664 luna
1146 2616 1351 2664 tenebris
1371 2617 1666 2663 conscientiae
1686 2633 1788 2662 nos-

407 2765 410 2769 -
447 2784 504 2836 (1)
533 2787 779 2832 Poctanensis,
800 2785 917 2821 2205.
