2054 3450
441 353 491 390 18
749 390 758 399 ι
806 350 871 384 DE
899 345 1482 401 GLORlACONFESSORUM.

439 445 538 482 erat
563 450 758 496 magnus
787 433 1122 498 sarcophagus,
1151 433 1202 478 in
1233 448 1331 494 quo
1362 431 1598 478 ferebatur
1641 432 1849 496 sepultos

439 512 576 558 fuisse
611 510 759 571 duos,
802 526 1031 574 sponsum
1069 508 1244 555 scilicet
1278 517 1325 554 et
1346 523 1587 572 sponsam,
1627 508 1709 571 qui
1740 518 1848 572 post

437 588 742 652 baptismum,
787 587 835 633 in
870 586 988 633 albis
1025 586 1183 651 positi,
1221 600 1249 631 a
1280 583 1449 631 saeculo
1489 583 1797 632 discesserant
1833 604 1844 630 :

434 666 523 712 hos
561 665 702 711 etiam
727 663 993 710 affirmabat
1027 663 1282 726 antiquitas
1308 661 1448 708 fuisse
1474 678 1723 725 exgenere
1746 678 1849 709 san-

433 743 495 789 cti
509 742 794 789 Pictavensis
812 740 1011 787 Hilarii¹.
1031 743 1132 787 Hoc
1149 756 1260 803 ergo
1281 739 1550 804 sepulcrum
1572 739 1654 786 tali
1673 740 1721 786 in
1736 739 1846 787 loco

432 820 589 880 situm,
616 835 715 867 non
740 818 887 865 modo
907 818 1124 882 pervium
1148 817 1338 864 arcebat
1361 815 1744 879 ingredientium,
1766 833 1847 863 ve-

434 913 540 943 rum
573 896 716 944 etiam
757 895 958 958 qualiter
989 895 1163 959 paries,
1207 894 1289 958 qui
1322 910 1350 940 a
1386 893 1622 940 stillicidio
1665 892 1848 941 infusus

435 974 602 1034 fuerat,
631 972 982 1032 emendaretur,
1009 972 1119 1035 quia
1143 981 1265 1018 esset
1289 971 1556 1034 contiguus,
1582 969 1844 1018 inhibebat.

385 1087 396 1097 t
431 1051 538 1107 Qua
571 1049 632 1097 de
655 1067 793 1096 causa
823 1049 1061 1096 Palladius
1085 1048 1298 1112 pontifex
1325 1048 1545 1106 civitatis,
1579 1047 1662 1111 qui
1687 1063 1743 1094 ex
1767 1063 1846 1110 ge-

434 1143 544 1174 nere
569 1126 817 1191 quondam
840 1126 997 1173 divitis
1029 1125 1221 1172 Palladii
1244 1124 1569 1184 descenderat,
1599 1140 1847 1171 removere

434 1205 590 1268 ipsum
611 1221 639 1252 a
663 1205 768 1251 loco
786 1220 973 1250 summo
997 1202 1232 1250 nitebatur
1246 1202 1421 1262 studiO‚
1445 1203 1508 1249 ita
1534 1211 1600 1261 ut,
1618 1202 1847 1265 conjunc-

432 1281 490 1326 tis
510 1281 710 1346 amplius
733 1281 952 1328 trecentis
972 1280 1098 1340 viris,
1125 1296 1232 1326 cum
1260 1278 1450 1326 funibus
1468 1278 1654 1326 trahere
1675 1288 1718 1326 et
1742 1295 1848 1326 vec-

433 1357 557 1413 tibus
573 1359 813 1423 impellere
835 1368 1103 1416 conaretur,
1130 1357 1291 1422 positis
1310 1357 1408 1420 jam
1431 1357 1688 1422 lapidibus,
1706 1373 1849 1422 super

433 1451 554 1499 quos
576 1434 655 1482 hic
679 1436 998 1500 sarcophagus
1029 1436 1287 1482 locaretur.
1318 1435 1534 1499 Denique
1558 1433 1847 1499 impendun-

430 1523 508 1559 tur
533 1523 641 1560 totae
664 1515 784 1560 vires
805 1514 1110 1572 trahentium,
1140 1513 1223 1560 sed
1248 1530 1347 1559 non
1373 1514 1532 1560 valent
1550 1513 1765 1560 mutilare
1778 1529 1848 1559 se-

434 1589 653 1653 pulcrum
681 1608 691 1635 ε
726 1589 856 1636 frons
879 1599 1050 1636 cuncta
1075 1589 1251 1636 sudore
1273 1589 1594 1654 perfunditur,
1621 1588 1705 1636 sed
1725 1606 1848 1654 opus

431 1665 639 1729 validum
664 1682 761 1712 non
775 1666 999 1731 impletur
1016 1685 1027 1723 ;
1055 1682 1196 1713 voces
1210 1666 1384 1712 dantur
1397 1666 1691 1712 hortantium
1707 1675 1847 1730 atque

430 1741 721 1788 dicentium:
753 1743 852 1802 Eia,
883 1759 983 1804 age,
1011 1742 1145 1790 trahe
1176 1742 1354 1800 sunem,
1390 1742 1472 1789 sed
1497 1759 1597 1789 non
1629 1751 1849 1789 movetur

431 1819 631 1867 omnino
656 1820 942 1883 sepulcrum.
980 1819 1106 1876 Quid
1131 1819 1297 1884 plura?
1327 1822 1579 1867 Lassantur
1605 1835 1773 1867 omnes
1794 1819 1844 1866 in

430 1911 592 1966 opere,
620 1906 664 1942 et
690 1895 1009 1942 intercedente
1043 1906 1182 1942 nocte
1204 1905 1372 1960 petunt
1393 1897 1552 1942 cuncti
1581 1894 1694 1943 dare
1717 1895 1847 1959 quie-

430 1982 543 2019 tem.
577 1972 702 2019 llicet
732 1973 830 2034 ubi,
861 1973 1105 2020 transactis
1136 1974 1381 2020 nocturnis
1404 1972 1627 2034 tenebris,
1665 1989 1847 2020 novum

430 2035 580 2119 illuxit
600 2066 757 2109 mane,
781 2050 947 2096 anxius
963 2050 1248 2113 cogitatione
1262 2050 1499 2110 sacerdos,
1526 2060 1660 2114 rogat
1673 2050 1846 2097 iterum

432 2119 690 2190 procedere
707 2143 818 2173 suos
838 2127 898 2174 ad
918 2128 1198 2184 oratorium,
1226 2129 1326 2192 ipse
1348 2128 1611 2192 anticipans
1628 2137 1841 2187 cunctos,

431 2204 794 2272 ingrediensque
819 2205 997 2250 invenit
1021 2205 1178 2269 ipsum
1198 2221 1342 2269 super
1358 2205 1485 2269 ipsos
1498 2222 1619 2268 quos
1643 2221 1843 2270 compo-

430 2290 586 2328 suerat
605 2280 801 2345 lapides,
821 2282 953 2328 omni
973 2281 1190 2328 firmitate
1209 2281 1478 2328 subsistere.
1499 2281 1844 2345 Admiransque

432 2359 692 2404 Dominum
715 2342 960 2427 glorificat,
987 2359 1069 2422 qui
1095 2358 1281 2423 potenti
1303 2359 1474 2406 virtute
1498 2358 1694 2423 perfecit
1711 2358 1844 2422 quod

431 2431 844 2500 manus⁹humana
886 2433 1178 2498 nequiverat.
1226 2435 1412 2480 Horum
1446 2443 1605 2480 tamen
1646 2433 1843 2480 nomina

433 2508 549 2554 nulli
571 2519 680 2555 sunt
703 2509 924 2557 revelata.

483 2693 544 2747 (1)
571 2698 809 2734 Pectavensis
826 2698 992 2747 Helatjii,
1014 2698 1133 2735 2204.
