2054 3450
437 390 513 427 374
947 386 1075 422 vlTAE
1100 386 1320 422 PATRUM.

434 475 573 523 bonis
594 473 786 537 injurias
820 473 1026 535 irrogare
1049 488 1153 518 mos
1173 481 1259 532 est,
1295 488 1344 518 se
1380 470 1441 518 ab
1475 472 1575 536 ejus
1608 472 1835 520 famulatu

433 551 745 611 subtraheret,
777 550 938 597 dicens
961 567 970 595 ε
1016 568 1038 594 «
1066 552 1171 596 Non
1195 558 1361 613 potero
1386 565 1472 612 ego
1497 565 1607 595 cum
1629 549 1718 597 hac
1742 550 1834 598 do—

433 632 561 678 mina
581 645 875 695 permanere,
904 644 1008 692 quae
1029 627 1078 674 in
1096 626 1177 674 tali
1195 626 1476 674 abstinentia
1496 623 1831 690 commoratur,

430 708 514 755 sed
538 708 696 772 potius
723 715 827 753 utar
855 703 1024 752 saeculo
1050 720 1104 751 ac
1128 704 1291 751 cibum
1320 713 1584 768 potumque
1606 703 1656 749 in
1679 703 1836 751 abun-

429 785 591 834 dantia
612 800 812 831 sumam.
847 803 870 825 2>
896 782 1100 839 Quintus
1123 790 1279 827 autem
1308 780 1405 843 jam
1441 780 1636 828 fluxerat
1674 780 1836 828 abces-

427 861 572 908 sionis
614 861 714 923 ejus
751 859 872 918 dies,
911 874 1008 921 quo
1051 857 1151 904 haec
1191 857 1406 920 religiosa
1445 873 1600 921 neque
1638 857 1837 904 farinam

426 946 726 995 consuetam,
766 951 920 999 neque
946 949 1120 997 aquam
1150 943 1394 999 acceperat
1433 953 1444 980 :
1483 933 1567 980 sed
1600 933 1838 998 perstabat

424 1013 701 1070 immobilis,
728 1022 774 1059 et
792 1011 882 1059 fixa
902 1014 1098 1058 manens
1111 1011 1158 1056 in
1178 1010 1383 1067 Christo,
1404 1010 1452 1056 in
1474 1026 1571 1074 quo
1585 1011 1837 1074 quisquam

426 1092 607 1138 locatus
629 1106 717 1137 nec
743 1090 871 1136 venti
909 1087 1113 1145 turbine,
1154 1103 1243 1134 nec
1283 1087 1517 1134 fluctuum
1551 1087 1837 1151 impulsione

427 1166 676 1225 dilabitur3
708 1182 795 1212 nec
829 1164 917 1211 sibi
948 1164 1025 1211 illa
1048 1163 1108 1210 de
1130 1163 1317 1211 mortali
1346 1163 1455 1210 cibo
1481 1164 1644 1224 vitam,
1671 1164 1755 1211 sed
1777 1163 1837 1210 de

429 1243 574 1290 verbo
597 1243 702 1301 Dei,
720 1242 840 1289 sicut
859 1242 1088 1305 scripturn
1108 1250 1193 1299 est,
1218 1241 1412 1305 putabat
1423 1241 1602 1301 inferri,
1628 1257 1837 1288 comme-

430 1333 621 1363 morans
669 1315 786 1362 illud
836 1315 1073 1379 sapientiae
1117 1314 1454 1362 Salomoniacae
1502 1314 1832 1379 proverbium,

427 1391 539 1455 quia
575 1411 597 1433 «
630 1406 728 1437 non
762 1388 949 1435 necabit
982 1389 1215 1435 Dominus
1255 1387 1377 1435 fame
1417 1389 1625 1436 animam
1645 1389 1773 1452 justi.
1809 1409 1831 1434 »

433 1470 487 1514 Et
516 1467 661 1527 illud,
696 1466 807 1530 quia
833 1486 854 1510 «
878 1467 1031 1529 justus
1063 1482 1120 1512 ex
1145 1465 1238 1512 fide
1263 1465 1394 1511 vivit.
1427 1485 1448 1507 »
1480 1464 1573 1511 Sed
1608 1466 1837 1529 quoniam
1889 1481 1891 1486 ’

429 1559 603 1606 corpus
625 1542 889 1588 humanum
919 1541 1098 1604 absque
1130 1557 1210 1587 esu
1243 1551 1432 1587 terreno
1468 1543 1717 1589 sustentari
1754 1559 1837 1590 ne-

429 1619 548 1683 quit,
571 1627 801 1683 prostrata
820 1618 869 1663 in
888 1618 1123 1679 oratione,
1145 1618 1278 1682 petiit
1294 1627 1346 1664 ut
1365 1618 1448 1682 qui
1459 1633 1633 1664 manna
1654 1619 1836 1683 populo

431 1696 652 1742 esurienti
690 1695 750 1741 de
793 1693 944 1754 coe10,
989 1694 1299 1759 lymphasque
1338 1695 1511 1742 sitienti
1553 1695 1777 1760 produxit
1811 1714 1838 1744 e

429 1789 559 1833 saxo,
578 1772 677 1836 ipse
689 1788 880 1836 quoque
897 1771 1176 1819 alimentum
1190 1774 1297 1836 ‘quo
1315 1788 1570 1837 parumper
1587 1789 1839 1838 corpuscu-

431 1850 528 1896 lum
553 1849 724 1895 fessum
748 1849 1114 1909 confortaretur,
1141 1849 1414 1913 dignaretur
1438 1849 1697 1913 indulgere.
1730 1854 1840 1898 Pro-

433 1924 651 1989 tinusque
692 1925 752 1973 ad
794 1927 894 1990 ejus
939 1926 1204 1973 orationem
1249 1926 1329 1972 nix
1372 1927 1432 1973 de
1473 1927 1594 1974 coelo
1638 1927 1838 1976 decidua

432 2001 633 2047 humum
671 2003 873 2066 operuit.
918 2002 1060 2060 Quod
1096 2002 1175 2050 illa
1211 2019 1320 2050 cum
1360 2004 1615 2066 gratiarum
1651 2005 1838 2052 actione

432 2093 646 2139 cernens,
672 2078 843 2125 educta
858 2094 1002 2125 manu
1015 2095 1100 2142 per
1119 2079 1370 2126 fenestram
1393 2079 1524 2143 quod
1545 2080 1668 2127 circa
1684 2081 1838 2145 parie-

431 2163 527 2200 tem
559 2163 658 2201 erat
680 2171 735 2201 ex
764 2155 865 2220 ipsa
896 2155 1003 2202 nive
1034 2155 1238 2219 collegit,
1265 2155 1325 2202 de
1350 2172 1443 2220 qua
1475 2172 1648 2220 aquam
1685 2159 1838 2221 expri-

433 2247 567 2277 mens
581 2247 753 2295 panem
763 2231 847 2278 soli
854 2241 902 2278 to
911 2231 1147 2291 formavit,
1158 2247 1407 2295 quousque
1423 2232 1484 2279 ad
1497 2232 1614 2279 alios
1625 2234 1838 2299 quinque

433 2307 533 2354 dies
579 2307 754 2354 victum
792 2324 1078 2373 corporeum
1115 2308 1409 2355 ministravit.
1447 2308 1664 2357 Habebat
1712 2312 1839 2359 enim

431 2385 706 2447 contiguum
729 2384 908 2432 cellulae
927 2386 1176 2450 parvulum
1206 2385 1481 2432 viridarium
1503 2404 1513 2432 t
1541 2387 1591 2434 in
1611 2387 1729 2434 illud
1754 2404 1837 2436 au-

435 2471 526 2507 tem
568 2478 656 2526 pro
691 2461 896 2525 quadam
932 2462 1214 2509 relevatione
1238 2462 1430 2526 prodire
1461 2472 1560 2510 erat
1596 2463 1747 2523 solita,
1789 2466 1837 2512 in

432 2537 564 2601 quod
603 2538 810 2601 ingressa
849 2539 1036 2585 intuens
1067 2537 1238 2585 herbas
1270 2538 1364 2585 loci
1401 2555 1456 2586 ac
1493 2539 1832 2600 deambulans,

435 2614 601 2660 mulier
634 2631 737 2678 quae
770 2615 977 2662 triticum
1013 2631 1156 2678 supra
1190 2624 1367 2662 tectum
1393 2633 1532 2663 suum
1562 2615 1837 2664 siccandum

435 2701 670 2752 posuerat,
708 2692 842 2756 quasi
882 2693 942 2739 de
972 2692 1275 2739 eminentiori
1312 2690 1443 2752 loco,
1481 2693 1604 2740 curis
1645 2693 1837 2758 oppleta

433 2768 713 2829 mundanis,
748 2769 1019 2832 importune
1043 2769 1280 2833 prospexit
1299 2785 1504 2832 moxque
1539 2769 1688 2816 oculis
1707 2770 1835 2817 clau-

432 2843 492 2889 sis
508 2843 685 2890 lumine
701 2845 865 2891 caruit.
888 2847 1190 2907 Cognoscens
1206 2855 1363 2892 autem
1389 2855 1571 2892 reatum
1594 2862 1751 2906 suum,
1773 2847 1835 2894 ad
