2054 3450
406 327 481 364 384
724 321 734 329 “
919 327 1050 364 VITAE
1076 327 1291 364 PATRUM.

404 422 581 458 vestrae.
610 431 633 456 »
666 414 722 458 At
754 411 842 458 illae
872 411 1103 475 rogabant
1137 412 1374 459 dicentes:
1418 433 1439 454 «
1467 416 1665 462 'Venturi
1698 425 1806 462 sunt

405 489 538 534 multi
560 487 734 535 infirmi
769 487 827 535 ad
867 505 971 548 nos,
1011 488 1269 551 flagitantes
1305 487 1687 538 benedictionem
1710 508 1736 538 a
1761 501 1804 538 te

403 566 639 630 accipere;
670 575 715 612 et
739 565 854 629 quid
881 565 1101 612 faciemus
1129 580 1239 611 cum
1272 574 1315 611 te
1344 581 1441 611 non
1478 565 1678 612 viderint
1705 585 1804 615 esse

403 642 727 706 superstitem?
757 641 966 688 confusas
995 641 1122 687 enim
1149 657 1230 687 eos
1255 641 1364 687 soris
1384 642 1667 700 emittemus,
1695 659 1805 689 cum

402 725 531 762 tuam
567 715 732 762 faciem
763 732 861 762 non
891 713 1337 778 contemplabimur.
1379 717 1614 778 Rogamus
1648 724 1804 762 autem

404 803 471 849 ut,
513 794 621 855 quia
663 793 760 839 haec
797 792 856 839 ab
892 792 1039 838 oculis
1077 792 1247 838 nostris
1283 791 1604 850 absconditur,
1641 792 1805 839 saltem

402 869 605 932 digneris
630 869 789 916 oleum
809 869 1047 932 salemque
1070 868 1367 925 benedicere,
1385 868 1444 915 de
1459 885 1557 932 quo
1571 870 1806 932 possimus

400 947 584 1009 aegrotis
605 946 984 992 benedictionem
1008 944 1321 1007 flagitantibus
1334 945 1613 992 ministrare.
1635 966 1655 988 >)
1677 948 1807 992 Tunc

401 1023 480 1070 illa
511 1023 763 1070 benedicto
797 1022 903 1069 oleo
942 1038 996 1069 ac
1028 1022 1122 1069 sale
1155 1021 1347 1068 tradidit
1385 1023 1467 1081 eis,
1525 1038 1629 1086 quae
1665 1023 1806 1069 susci-

401 1100 582 1164 pientes
605 1099 957 1162 diligentissime
987 1107 1309 1146 servaverunt.
1345 1098 1514 1162 Sicque
1538 1097 1806 1146 beatissima

400 1176 516 1222 obiit
541 1177 586 1223 in
613 1193 746 1241 pace,
771 1186 817 1223 et
833 1175 1013 1240 sepulta
1028 1185 1097 1223 est
1115 1176 1161 1221 in
1180 1176 1282 1240 ipsa
1300 1175 1484 1233 cellula,
1506 1175 1665 1224 multis
1688 1191 1736 1222 se
1756 1176 1805 1222 in

400 1261 643 1314 posterum
667 1250 914 1296 virtutibus
937 1259 1287 1314 repraesentans.
1318 1251 1432 1295 Nam
1462 1248 1522 1295 de
1546 1258 1806 1296 memorata

399 1326 730 1373 benedictione
754 1326 886 1372 multi
910 1335 1016 1390 post
1037 1326 1134 1388 ejus
1160 1326 1406 1372 transitum
1431 1326 1594 1388 aegroti
1619 1325 1803 1372 incolu-

402 1404 574 1450 mitatis
595 1402 822 1450 beneficia
834 1411 942 1448 sunt
955 1403 1147 1465 experti,
1175 1402 1368 1447 Bosonis
1381 1401 1586 1464 denique
1599 1401 1805 1448 diaconi¹

400 1496 483 1543 pes
506 1497 627 1526 unus
657 1496 682 1526 a
724 1479 891 1543 pusula
929 1478 1048 1525 mala
1080 1478 1382 1535 conflaverat,
1419 1477 1483 1523 ita
1517 1486 1567 1523 ut
1599 1493 1807 1539 gressum

401 1557 550 1603 facere
587 1572 682 1602 non
714 1557 903 1615 valeret,
941 1555 1309 1619 deportatusque
1339 1553 1396 1600 ad
1432 1553 1532 1617 ejus
1550 1553 1802 1614 tumulum,

399 1633 662 1679 orationem
686 1631 826 1686 fudit:
861 1631 1025 1696 puellae
1047 1647 1160 1677 vero
1189 1631 1468 1694 accipientes
1492 1646 1544 1676 ex
1579 1631 1685 1677 oleo
1708 1647 1807 1677 me-

401 1719 602 1766 morato,
634 1707 764 1772 quod
790 1717 949 1754 sancta
976 1707 1242 1771 reliquerat,
1271 1716 1532 1770 posuerunt
1556 1722 1698 1770 super
1722 1721 1804 1770 pe-

399 1785 507 1832 dem
541 1786 657 1848 ejus,
688 1794 732 1831 et
759 1783 994 1847 extemplo
1026 1793 1302 1848 erumpente
1331 1783 1541 1842 vulnere,
1570 1782 1806 1829 defluente

402 1878 583 1909 veneno
604 1871 793 1908 sanatus
818 1870 901 1907 est.
937 1862 1095 1907 Caecus
1130 1859 1323 1924 quidam
1348 1859 1582 1906 adductus
1614 1858 1676 1907 ad
1707 1857 1806 1921 ejus

399 1939 632 1985 tumulum
656 1939 703 1984 in
730 1938 945 1984 oratione
979 1937 1311 2001 prosternitur;
1339 1936 1545 1983 irruente
1575 1944 1731 1983 autem
1754 1934 1804 1980 in

399 2032 509 2061 eum
532 2031 704 2078 sopore
729 2013 1037 2073 obdormivit,
1064 2013 1376 2078 apparuitque
1398 2013 1442 2059 ei
1458 2011 1594 2059 beata
1613 2011 1799 2058 dicens:

402 2110 424 2134 «
454 2089 699 2152 Indignam
727 2090 920 2151 quidem
952 2105 1027 2135 me
1052 2089 1214 2151 judico
1244 2088 1475 2152 exaequari
1509 2087 1695 2144 sanctis,
1719 2086 1803 2134 sed

400 2176 555 2213 tamen
581 2166 719 2211 unius
736 2165 813 2211 hic
834 2164 959 2211 oculi
977 2164 1171 2228 recipies
1191 2163 1350 2210 lumen
1371 2183 1382 2223 ;
1404 2163 1625 2228 deinceps
1646 2172 1803 2210 autem

399 2259 601 2307 propera
623 2242 901 2306 quantocius
926 2240 986 2288 ad
1009 2240 1133 2287 beati
1154 2241 1297 2306 pedes
1315 2241 1519 2298 Martini,
1538 2250 1584 2287 et
1602 2249 1804 2304 proster-

399 2335 512 2365 nere
538 2320 585 2364 in
610 2318 976 2382 compunctione
994 2317 1139 2363 animi
1163 2333 1322 2363 coram
1342 2333 1416 2363 eo.
1445 2319 1547 2382 lpse
1569 2317 1696 2363 enim
1718 2314 1803 2362 tibi

400 2397 611 2443 restituet
661 2395 847 2442 alterius
900 2394 1025 2440 oculi
1081 2395 1328 2441 visionem.
1369 2413 1391 2436 n
1442 2392 1803 2458 Expergefactus

399 2473 568 2533 homo,
603 2472 741 2519 unius
769 2470 894 2518 oculi
925 2480 1114 2535 recepto
1151 2471 1345 2525 lumine,
1379 2470 1494 2517 abiit
1527 2486 1622 2534 quo
1655 2470 1802 2533 jussio

400 2549 586 2613 impulit
630 2548 924 2613 imperantis;
972 2547 1132 2611 ibique
1172 2548 1341 2594 iterum
1386 2547 1637 2594 obsecrans
1678 2544 1802 2593 beati

399 2626 680 2673 confessoris
705 2626 942 2686 virtutem,
968 2624 1164 2689 depulsa
1184 2624 1291 2672 caeci
1316 2624 1441 2671 oculi
1455 2633 1611 2681 nocte,
1637 2621 1801 2670 videns

456 2801 513 2853 (1)
544 2802 618 2840 Mai
638 2815 706 2853 m.‚
730 2805 896 2839 Basenus
914 2803 1071 2851 denique
1089 2803 1278 2839 diaconus.
1301 2798 1382 2852 (R.)
