2054 3450
402 373 475 410 144
918 375 1047 411 VITAE
1074 376 1291 416 PATRUM.

399 475 560 523 opere.
580 478 604 503 »
619 459 762 516 Quod
774 459 840 506 illi
852 471 1206 523 cognoscentes,
1222 462 1360 510 valde
1375 463 1569 512 moleste
1579 465 1803 513 tulerunt.
1869 478 1875 487 ¹

396 538 526 582 Tunc
549 535 804 584 duodecim
828 537 1107 595 viri‚habito
1125 538 1342 596 consilio,
1365 538 1610 588 iracundia
1624 541 1808 589 inflam-

397 612 528 673 mati,
558 612 849 677 reliquerunt
873 613 1052 673 locum,
1093 625 1139 662 et
1167 614 1387 662 abierunt
1405 632 1490 680 per
1519 616 1703 666 deserta
1726 635 1807 667 va-

396 698 575 752 gantes,
606 699 651 736 et
679 706 734 736 ea
769 707 872 754 quae
897 700 1034 738 erant
1061 691 1216 738 saeculi
1238 691 1533 740 delectabilia
1566 694 1809 758 inquiren-

394 772 481 811 tes.
522 765 892 831 Revelatumque
935 777 1004 814 est
1037 768 1195 814 statim
1239 784 1324 832 per
1364 769 1516 815 visum
1564 771 1805 833 Romano,

394 858 484 889 nec
506 843 549 890 ei
581 844 730 892 voluit
761 844 923 891 divina
958 845 1198 891 miseratio
1224 861 1324 891 rem
1357 855 1511 893 actam
1543 846 1804 908 occultare3

393 935 605 983 regresso
626 937 818 984 quoque
834 920 1003 968 abbate
1027 921 1087 968 ad
1098 923 1455 982 monasterium,
1474 922 1615 970 dicit:
1636 943 1658 968 «
1678 925 1727 972 Si
1739 925 1807 973 sic

392 996 602 1044 futurum
618 1008 736 1056 erat,
761 1007 813 1044 ut
834 997 895 1044 ad
917 998 1260 1062 dispersionem
1288 999 1483 1046 fratrum
1511 1000 1807 1059 abires‚.,uti-

393 1088 505 1119 nam
526 1090 614 1120 nec
636 1074 905 1122 accessisses
927 1074 988 1122 ad
1011 1091 1110 1122 eos.
1127 1095 1150 1118 >2
1178 1075 1266 1122 Cui
1289 1075 1366 1122 ille
1394 1093 1405 1123 :
1436 1096 1459 1118 a
1484 1076 1606 1136 Noli,
1632 1077 1802 1141 inquit,

391 1149 588 1197 moleste
612 1150 750 1210 ferre,
772 1150 912 1198 frater
936 1150 1254 1210 dilectissime,
1284 1162 1663 1215 quaeactasunt.
1688 1157 1804 1201 Nam

390 1227 507 1274 scias
543 1236 789 1291 purgatam
815 1243 914 1274 esse
942 1243 1101 1274 aream
1131 1228 1344 1285 Domini,
1382 1223 1672 1275 etvtriticumv
1701 1239 1805 1277 tan·

390 1312 490 1350 tum
508 1304 809 1351 reconditum
835 1305 883 1350 in
908 1304 1102 1360 horreo,
1129 1303 1287 1368 paleas
1307 1315 1468 1352 autem
1499 1306 1671 1367 ejectas
1697 1322 1804 1354 esse

389 1379 530 1427 foras.
551 1398 575 1424 »ι
589 1383 646 1427 Et
660 1380 766 1427 ille:
788 1399 813 1424 «
829 1381 1019 1427 Utinam
1035 1380 1194 1427 nullus
1216 1380 1514 1428 abscessisset
1534 1398 1590 1428 ex
1602 1380 1700 1429 his!
1719 1382 1804 1430 sed

388 1473 517 1503 nunc
536 1457 711 1517 indica,
725 1474 903 1522 quaesm
922 1457 1040 1503 mihi
1054 1458 1217 1520 quanti
1230 1457 1401 1504 exinde
1420 1457 1656 1505 abierunt.
1672 1479 1696 1503 n
1710 1460 1804 1517 Qui

388 1534 634 1598 respondit
659 1552 670 1580 ε
697 1554 717 1576 «
737 1534 1003 1580 Duodecim
1025 1534 1110 1580 viri
1136 1533 1414 1580 cothurnosi
1442 1545 1583 1598 atque
1602 1535 1729 1595 elati,
1752 1537 1803 1584 in

388 1610 561 1673 quibus
585 1614 712 1658 Deus
734 1628 835 1657 non
849 1610 1049 1658 habitat.
1070 1631 1092 1653 »
1116 1614 1248 1657 Tunc
1261 1613 1501 1659 Romanus
1519 1628 1629 1659 cum
1650 1612 1803 1676 lacry-

388 1689 477 1735 mis
503 1689 567 1736 ait
593 1706 603 1734 :
636 1709 657 1731 ε(
679 1688 833 1736 Credo
857 1689 904 1734 in
928 1688 1008 1734 illo
1031 1687 1202 1734 divinae
1227 1688 1538 1736 miserationis
1560 1699 1795 1757 respectu,

387 1766 501 1828 quia
529 1783 617 1813 nec
648 1766 753 1813 illos
784 1766 1017 1830 separabit
1040 1782 1065 1811 a
1096 1765 1322 1812 thesauro
1355 1783 1460 1826 suo,
1494 1767 1578 1814 sed
1605 1783 1803 1831 congre-

387 1841 515 1905 gabit
535 1859 635 1903 eos,
663 1853 710 1890 et
731 1843 852 1890 lucri
876 1859 957 1890 eos
983 1842 1118 1889 faciet
1140 1858 1227 1906 pro
1250 1842 1424 1906 quibus
1452 1844 1553 1908 pati
1581 1843 1803 1908 dignatus

387 1929 472 1966 est.
499 1938 523 1964 »
549 1923 607 1966 Et
643 1919 762 1967 facta
793 1936 881 1984 pro
905 1919 979 1967 his
1008 1919 1241 1977 oratione,
1280 1919 1487 1966 obtinuit
1517 1930 1567 1966 ut
1597 1930 1802 1967 reverte·

387 2005 551 2042 rentur
570 1995 632 2042 ad
670 1998 868 2058 gratiam
901 1994 1241 2059 omnipotentis
1263 1996 1368 2042 Dei.
1406 1996 1642 2046 Dominus
1671 1997 1801 2044 enim

386 2072 644 2136 compungi
665 2073 771 2119 lecit
791 2071 939 2118 corda
961 2087 1153 2126 eorum;
1183 2081 1227 2118 et
1260 2081 1448 2133 agentes
1475 2073 1802 2136 poenitentiam

390 2164 475 2211 pro
519 2165 710 2196 excessu
741 2165 847 2209 suo,
885 2156 1291 2211 congregaverunt
1328 2148 1499 2212 singuli
1542 2165 1798 2213 congrega-

387 2225 539 2272 tiones
572 2242 697 2284 suas‚
734 2234 781 2272 et
817 2225 1030 2274 fecerunt
1055 2224 1142 2270 sibi
1177 2225 1478 2285 monasteria,
1515 2242 1609 2289 que
1649 2242 1800 2290 usque

385 2301 530 2349 hodie
562 2303 611 2349 in
645 2302 733 2348 Dei
762 2301 983 2349 laudibus
1007 2310 1327 2365 perseverant.
1362 2303 1604 2348 Romanus
1639 2312 1799 2350 autem

387 2378 664 2442 persistebat
692 2379 740 2424 in
767 2377 1062 2442 simplicitate
1091 2386 1138 2424 et
1162 2375 1387 2442 operibus
1420 2377 1579 2437 bonis,
1605 2378 1798 2429 visitans

386 2455 618 2514 infirmos,
637 2455 892 2503 etsalvans
910 2471 993 2501 eos
1011 2454 1226 2501 oratione
1248 2470 1349 2501 sua.
1399 2495 1402 2505 ,
1676 2501 1678 2505 ,

451 2534 499 2580 4.
534 2535 726 2579 Factum
764 2541 833 2578 est
862 2541 1019 2578 autem
1055 2530 1266 2595 quodam
1294 2539 1526 2595 tempore,
1563 2530 1679 2576 dum
1711 2530 1800 2580 iter

387 2619 545 2671 ageret
565 2610 625 2656 ad
643 2607 901 2655 visitandos
919 2608 1097 2667 fratres,
1120 2617 1188 2668 ut,
1210 2615 1475 2671 occupante
1497 2606 1795 2670 crepusculo,

387 2685 448 2732 ad
454 2684 764 2750 hospitiolum
773 2685 1026 2736 diverteret
1047 2685 1363 2748 leprosorum.
1376 2685 1522 2729 Erant
1536 2692 1702 2729 *autem
1714 2699 1798 2730 no-

385 2779 493 2808 vem
513 2763 616 2809 viri.
641 2765 988 2826 Suseeptusque
1004 2760 1066 2808 ab
1096 2761 1178 2819 eiS‚
1201 2760 1356 2807 statim
1377 2758 1546 2824 plenus
1570 2758 1796 2825 charitate

385 2841 475 2887 Dei
503 2839 640 2903 jussit
660 2855 832 2902 aquam
857 2838 1058 2885 calidam
1089 2837 1207 2897 fieri,
1235 2846 1377 2900 atque
1399 2836 1617 2883 omnium
1653 2835 1798 2900 pedes
