2054 3450
419 300 494 337 361.
736 270 746 277 ”
929 298 1055 336 vrrAE
1081 272 1314 336 PATRUMs

417 384 660 432 sanctitate
684 382 985 442 honorificis,
1014 383 1364 448 dispensatione
1387 385 1586 447 libratis,
1616 388 1816 434 Turoni-

415 476 525 507 cum
561 459 850 506 territorium
889 469 957 505 est
991 460 1250 523 ingressus,
1299 470 1344 507 et
1385 461 1446 508 ad
1479 461 1638 509 locum
1673 479 1816 526 quem

415 537 717 601 Senapariam
755 536 949 583 vocitari
975 537 1156 601 priscus
1180 537 1378 584 instituit
1412 547 1578 585 auctor
1605 540 1812 586 accessit.

413 613 758 678 AEdificatoque
783 614 1018 671 oratorio,
1053 615 1389 661 monasterium
1416 614 1661 674 stabilivit3
1690 632 1817 662 corn-

414 691 647 754 missaque
687 690 912 737 Leobatio
949 692 1200 755 praeposito
1244 707 1430 739 summa
1472 692 1662 756 regulae,
1715 708 1819 758 mo:

415 768 669 814 nasterium
706 766 834 813 aliud
870 767 1047 825 statuit,
1074 767 1204 830 quod
1241 785 1369 814 nunc
1404 771 1594 815 Loccis¹
1626 777 1816 827 vocant,

414 844 557 890 situm
575 844 748 890 scilicet
772 860 913 907 super
930 843 1127 890 fluvium
1147 846 1374 907 Angerem
1405 845 1452 892 in
1480 862 1664 892 recessu
1686 861 1821 892 mon-

415 922 491 979 tis,
529 922 605 967 cui
641 937 768 967 nunc
792 931 999 967 castrum
1030 922 1364 985 supereminet,
1404 923 1506 986 ipso
1540 922 1736 969 nomine
1770 930 1821 969 ut

415 997 753 1044 monasterium
783 998 1055 1045 vocitatum.
1081 998 1172 1044 Ubi
1192 998 1411 1061 adjuncta
1435 999 1817 1063 congregatione,

414 1075 574 1121 statuit
593 1074 722 1140 apud
745 1075 958 1122 animum
979 1093 1134 1132 suum,
1159 1093 1219 1122 ne
1242 1076 1361 1123 ultra
1380 1076 1524 1124 alium
1548 1075 1819 1142 proficisce-

412 1160 541 1198 retur
564 1152 613 1198 in
638 1152 798 1198 locum
817 1188 828 1210 ,
863 1152 943 1199 sed
972 1153 1019 1198 in
1057 1169 1115 1199 eo
1146 1170 1255 1199 cum
1285 1156 1418 1200 omni
1453 1154 1819 1216 congregatione

413 1229 633 1275 manibus
651 1229 855 1293 propriis
880 1229 1084 1294 operari,
1113 1239 1157 1275 et
1180 1230 1356 1276 victum
1381 1246 1409 1276 a
1432 1240 1552 1276 terra
1577 1231 1624 1276 in
1648 1229 1821 1276 sudore

410 1305 567 1352 vultus
589 1306 787 1368 exigere,
827 1304 945 1352 illud
980 1305 1198 1352 fratribus
1235 1308 1354 1352 inter
1378 1306 1559 1370 reliqua
1596 1305 1819 1370 praedica-

411 1383 597 1429 tionum
637 1383 763 1430 dona
803 1383 1174 1442 commendans,
1210 1384 1342 1447 quod
1378 1383 1545 1429 Paulus
1579 1383 1820 1447 apostolus

410 1460 476 1506 ait
499 1478 509 1505 :
543 1480 564 1503 «
594 1459 776 1507 Labora
802 1459 1039 1517 manibus,
1080 1470 1131 1506 ut.
1158 1459 1333 1506 habeas
1357 1459 1486 1506 unde
1513 1458 1664 1523 possis
1686 1459 1821 1506 retri—

411 1535 559 1583 buere
579 1537 902 1583 necessitatem
918 1536 1221 1600 patientibus.
1246 1557 1268 1580 >2
1293 1539 1349 1582 Et
1371 1535 1487 1582 illud
1507 1553 1517 1582 ε
1553 1556 1573 1578 «
1602 1537 1723 1593 Quia
1740 1537 1822 1600 qui

410 1630 510 1660 non
527 1613 726 1674 laborat,
745 1630 831 1660 nec
846 1613 1117 1661 manducet.
1140 1634 1161 1657 »
1179 1613 1321 1660 Dedit
1342 1623 1500 1660 autem
1519 1613 1563 1660 ei
1586 1613 1822 1659 Dominus

409 1700 456 1736 et
481 1692 676 1752 gratiam
709 1691 984 1749 curationis,
1023 1691 1086 1738 ita
1124 1701 1174 1737 ut
1206 1690 1451 1737 insufflatis
1473 1690 1817 1752 energumenis,

409 1768 627 1832 protinus
647 1767 880 1815 daemonia
907 1768 1186 1831 ejicerentur
1218 1784 1247 1815 a
1281 1766 1562 1831 corporibus
1600 1766 1817 1813 obsessis.

410 1844 504 1891 Sed
528 1854 573 1891 et
610 1846 722 1892 alias
755 1862 838 1910 per
864 1862 975 1892 eum
1010 1844 1243 1891 Dominus
1269 1844 1489 1906 dignatus
1531 1853 1600 1890 est
1636 1843 1821 1908 operari

409 1922 620 1970 virtutes.
650 1926 760 1970 Erat
781 1924 910 1970 enim
932 1922 1174 1969 abstinens
1195 1939 1223 1969 a
1248 1921 1365 1968 cibis
1394 1931 1441 1968 et
1469 1931 1604 1985 potu,
1633 1920 1822 1967 interdi-

411 2015 523 2045 cens
545 1999 793 2046 monachis
813 2000 915 2045 sine
943 2000 1202 2045 cessatione
1221 2007 1431 2045 avertere
1454 1997 1644 2044 oculum
1669 2006 1716 2043 et
1737 2012 1820 2043 co-

411 2074 684 2136 gitationem
704 2075 765 2122 ab
785 2076 916 2121 omni
940 2075 1147 2121 luxuria.-

476 2155 523 2199 2.
544 2154 677 2200 Dum
700 2162 859 2198 autem
881 2151 981 2198 haec
1004 2160 1178 2214 ageret,
1204 2166 1260 2197 ac
1287 2149 1449 2196 fratres
1476 2149 1654 2196 molam
1679 2165 1820 2196 manu

410 2237 643 2275 vertentes
666 2229 873 2275 triticum
893 2228 953 2276 ad
972 2229 1121 2275 victus
1140 2228 1400 2274 necessaria
1422 2227 1819 2287 comminuerent,

411 2321 501 2369 pro
526 2304 691 2352 labore
716 2306 913 2352 fratrum
937 2306 1090 2351 visum
1117 2314 1185 2351 est
1219 2305 1261 2350 ei
1289 2303 1615 2350 molendinum
1643 2304 1690 2350 in
1720 2304 1823 2368 ipso

411 2383 607 2446 Angeris
633 2373 764 2429 fluvii
796 2383 931 2429 alveo
967 2381 1195 2440 stabilire3
1235 2380 1492 2445 defixisque
1528 2397 1612 2445 per
1644 2380 1820 2427 flumen

411 2458 548 2522 paliS‚
574 2461 832 2524 aggregatis
859 2459 1072 2524 lapidum
1100 2475 1382 2522 magnorum
1407 2458 1586 2505 acervis
1616 2457 1824 2504 exclusas

414 2534 546 2593 fecit,
574 2545 716 2599 atque
742 2553 914 2600 aquam
949 2536 1111 2583 canale
1133 2535 1346 2597 collegit,
1381 2535 1515 2598 cujus
1546 2535 1723 2599 impetu
1760 2534 1823 2580 fa-

469 2713 527 2766 (1)
555 2713 680 2755 Laud.
700 2722 737 2752 et
762 2713 937 2765 plerique
961 2713 1047 2761 ed.,
1075 2717 1184 2751 Locis
1211 2713 1291 2750 Bal.
1313 2716 1515 2772 Lucina...
1538 2713 1689 2760 fluvium
1709 2716 1821 2763 Lige-

412 2778 500 2822 rim,
524 2782 562 2811 et
582 2773 633 2811 sic
655 2774 777 2822 infra;
796 2773 917 2813 Labb.
938 2778 1075 2814 Lucas.
1099 2773 1183 2825 (R.)
