2054 3450
407 343 455 378 66
769 342 834 376 DE
862 340 1046 377 GLORIA
1074 341 1442 379 CONFESSORUM.

405 428 707 486 admirantes,
732 436 777 473 et
799 427 970 474 iterum
993 427 1658 492 opertoriumcomponentes,
1682 426 1806 473 indi-

404 513 571 550 carunt
599 503 850 568 episcopo,
889 503 999 550 data
1031 503 1134 560 die,
1170 519 1272 566 quae
1308 503 1537 550 viderant.
1571 507 1701 550 Tunc
1732 503 1809 550 ille

404 580 676 627 convocatis
715 580 963 627 abbatibus
1002 590 1049 626 et
1087 579 1241 638 cler0,
1289 596 1399 626 cum
1439 579 1625 627 honore
1669 589 1809 644 atque

407 657 650 721 psallentio
672 657 945 705 levaverunt
966 657 1157 704 beatum
1180 657 1451 722 sepulcrum
1471 675 1482 703 :
1509 668 1554 704 et
1576 659 1686 721 quia
1701 674 1810 704 veca

405 746 472 782 tes
498 735 563 782 illi
597 735 769 799 quibus
793 735 1028 782 ferebatur
1058 735 1193 782 valde
1222 736 1351 798 longi
1384 744 1544 796 erant,
1581 752 1690 783 cum
1724 753 1807 783 ve·

404 813 579 859 nissent
600 813 658 859 ad
682 813 934 877 porticum,
958 829 1056 859 non
1083 822 1301 877 poterant
1322 812 1507 858 deflecti
1531 812 1578 858 in
1602 813 1810 875 ingressu

405 889 520 952 ejus,
549 899 597 934 ut
621 888 683 935 ad
705 889 877 935 ostium
905 889 1016 935 aedis
1039 889 1138 936 sine
1171 889 1334 936 labore
1363 888 1656 936 accederent.
1681 891 1811 936 Tunc

404 965 569 1012 beatus
591 968 873 1026 Germanus,
899 966 1078 1013 elevata
1104 983 1240 1024 voce,
1270 967 1361 1012 ait:
1394 986 1416 1008 «
1432 968 1600 1013 Sancte
1622 966 1708 1013 Dei
1732 983 1812 1013 sa-

403 1043 588 1101 cerdos,
619 1044 656 1090 si
689 1044 908 1090 voluntas
931 1053 1012 1090 tua
1033 1053 1101 1090 est
1126 1044 1173 1090 in
1203 1043 1327 1090 hanc
1347 1042 1588 1090 basilicam
1610 1042 1807 1106 ingredi,

403 1121 658 1168 sentiamus
688 1120 901 1167 levamen
930 1119 1153 1183 adjutorii
1178 1120 1263 1166 tui.
1291 1140 1314 1163 »
1342 1122 1398 1165 Et
1426 1120 1601 1179 statim,
1638 1120 1811 1166 amisso

404 1197 642 1262 pondere,
674 1198 737 1244 ita
769 1198 816 1244 iu
847 1214 1030 1244 summa
1063 1198 1249 1244 levitate
1281 1198 1428 1244 factus
1457 1206 1527 1242 est
1555 1197 1810 1261 sarcopha-

403 1290 504 1336 gus,
529 1284 597 1335 ut,
626 1274 797 1321 relictis
817 1273 1047 1335 vectibus,
1071 1274 1210 1338 pauci
1235 1273 1453 1320 manibus
1477 1272 1651 1319 ferrent
1666 1289 1810 1336 quem

403 1367 552 1414 usque
584 1351 644 1398 ad
679 1351 838 1397 locum
868 1351 1000 1396 illum
1034 1351 1172 1396 multi
1200 1349 1481 1397 detulerant.
1516 1352 1572 1395 Et
1599 1350 1665 1396 sic
1691 1348 1811 1396 cele-

402 1426 547 1474 bratis
571 1428 738 1488 missis,
765 1429 998 1490 gaudente
1022 1427 1218 1492 popule,
1245 1427 1377 1490 juxta
1397 1427 1542 1480 altare
1568 1426 1805 1491 sepelitur,

402 1504 559 1550 multis
581 1521 630 1551 se
649 1504 874 1569 deinceps
897 1504 1146 1551 virtutibus
1170 1504 1490 1551 manifestans.

929 1680 1084 1715 CAPUT
1107 1679 1276 1716 LXXXI.

893 1782 944 1817 De
962 1782 1123 1817 Mariano
1142 1782 1278 1817 recluso
1294 1783 1319 1816 ¹.

465 1900 568 1945 Fuit
587 1909 745 1946 autem
762 1901 811 1946 in
834 1901 937 1964 ipso
960 1902 1164 1947 termino
1177 1901 1413 1948 Marianus
1434 1900 1629 1962 quidam
1647 1902 1810 1948 eremi-

400 1985 464 2032 ta,
480 1976 557 2022 cui
579 1993 677 2022 non
703 1987 803 2023 erat
822 1976 938 2024 alter
959 1977 1093 2024 cibus
1115 1978 1204 2024 nisi
1230 1994 1372 2043 poma
1391 1979 1615 2041 agrestia:
1642 1988 1688 2024 et
1713 1980 1750 2025 si
1765 1980 1810 2026 ei

399 2053 646 2116 aliquoties
669 2070 695 2099 a
717 2053 1001 2117 quibusdam
1018 2054 1110 2100 mel
1133 2055 1342 2102 delatum
1359 2054 1628 2114 fuisset,‘aut
1647 2055 1687 2102 si
1709 2056 1810 2120 ipse

399 2131 604 2193 reperire
638 2131 866 2194 potuisset
907 2132 955 2176 in
1002 2131 1157 2192 silviS,
1201 2132 1294 2178 hoc
1326 2133 1369 2178 ei
1402 2141 1501 2178 erat
1534 2131 1684 2178 cibus.
1718 2132 1811 2190 Qui

398 2223 508 2253 cum
533 2206 815 2271 plerumque
845 2209 1109 2255 visitaretur
1135 2224 1163 2254 a
1194 2208 1425 2273 plurimis,
1456 2208 1667 2272 quodam
1689 2222 1809 2256 tem-

401 2298 514 2345 pore
557 2299 587 2330 a
620 2284 940 2347 quaerentibus
981 2301 1078 2331 non
1125 2295 1310 2349 poterat
1353 2286 1570 2332 inveniri.
1612 2286 1809 2333 Investi-

398 2369 558 2422 gantes
587 2361 793 2424 denique
830 2378 940 2408 eum
975 2362 1062 2408 viri
1098 2362 1181 2426 qui
1219 2371 1475 2423 venerant,
1510 2351 1808 2427 deprehenso

397 2437 607 2499 vestigio,
635 2438 918 2485 invenerunt
944 2438 1107 2486 locum
1131 2440 1185 2486 in
1207 2455 1304 2502 quo
1334 2439 1456 2486 flexo
1481 2457 1603 2503 genu
1634 2456 1809 2504 aquam

398 2513 554 2560 hausit
584 2531 611 2560 a
645 2515 818 2574 fluvio,
860 2524 907 2562 e't
946 2516 1116 2563 exinde
1149 2518 1384 2580 progressi
1424 2518 1667 2581 reperiunt
1697 2533 1808 2564 eum

397 2589 486 2635 sub
512 2607 608 2637 una
630 2591 801 2638 arbore
824 2593 951 2639 malo
972 2591 1209 2656 jacentem
1237 2604 1496 2640 mortuum.
1523 2594 1658 2641 Unde
1681 2594 1806 2641 cele-

397 2666 482 2714 bre
514 2668 748 2714 ferebatur
777 2670 824 2715 in
860 2670 1038 2734 populo
1062 2687 1172 2717 eum
1194 2670 1444 2734 elisumlex
1473 2670 1642 2718 arbore
1665 2670 1808 2736 spiri-

453 2819 509 2871 (1)
540 2823 598 2857 De
614 2799 739 2858 sancto
757 2824 936 2860 Mariano
955 2825 1150 2870 heremita,
1172 2826 1289 2862 2791.
