2054 3450
402 305 478 341 258
918 303 1045 339 vlTAE
1073 304 1287 340 PATRUM.

401 389 722 453 unusquisque
757 405 845 453 pro
877 388 1054 435 viribus
1087 389 1317 451 quiddam
1349 391 1558 438 muneris
1591 394 1716 451 Deo,
1763 400 1809 437 et

399 466 492 512 hoc
522 483 619 512 non
658 483 714 514 ex
743 466 1016 513 necessitate
1046 466 1130 512 sed
1160 472 1346 530 sponte.
1384 467 1658 515 Offerebam
1698 483 1809 530 ergo

399 542 597 590 donaria
619 544 746 599 auri,
774 544 1072 608 argentique,
1097 544 1200 590 aeris
1226 560 1281 590 ac
1303 544 1411 590 ferri
1436 545 1650 604 metalla;
1679 562 1808 608 gem-

399 636 584 666 marum
606 621 748 668 etiam
771 621 1046 667 micantium
1071 619 1449 685 pulchritudines
1464 657 1475 679 ,
1501 637 1556 668 ac
1582 621 1659 670 fila
1682 622 1812 687 byssi

399 696 624 761 duplicati
658 698 884 762 coccique
909 698 980 744 bis
1006 698 1141 757 torti;
1176 698 1396 745 nonnulli
1428 697 1573 762 pelles
1609 699 1811 746 arietum

398 774 678 832 rubricatas,
716 775 933 840 pilosque
967 791 1236 839 caprarum.
1270 774 1364 821 Sed
1393 791 1504 821 cum
1527 774 1626 822 haec
1651 778 1812 824 omnia

398 849 619 899 doctores
654 853 956 900 ecclesiarum
989 869 1089 899 esse
1121 852 1373 916 allegorica
1406 852 1733 914 tradidissent,
1767 863 1814 900 et

398 928 448 974 in
472 928 663 993 reliquis
685 927 894 976 donariis
914 930 1165 993 gratiarum
1189 946 1361 993 genera
1384 929 1808 988 demonstrassent,

398 1006 445 1051 in
474 1003 562 1053 illis
586 1022 835 1072 caprarum
863 1006 966 1071 pilis
987 1007 1318 1054 laudationum
1343 1004 1487 1054 verba
1510 1023 1815 1072 comparave-

379 1094 531 1140 ·runt;
561 1085 624 1132 ita
649 1101 777 1133 nunc
807 1095 853 1132 et
874 1103 961 1132 nos
986 1085 1164 1133 steriles
1193 1102 1358 1145 sensu,
1388 1083 1594 1151 imperiti
1621 1082 1809 1145 studio,

398 1161 666 1226 squalentes
694 1161 741 1209 in
773 1172 908 1217 actu,
941 1172 988 1209 et
1009 1162 1046 1210 si
1077 1176 1272 1221 aurum,
1306 1171 1553 1225 argentum
1585 1160 1656 1208 vel
1688 1177 1815 1225 gem-

400 1254 525 1298 maS,
553 1238 723 1302 filaque
750 1239 988 1304 duplicata
1006 1255 1062 1287 ac
1080 1249 1203 1286 torta
1228 1255 1326 1286 non
1353 1238 1620 1299 offerimus,
1648 1238 1813 1286 saltem

399 1316 471 1362 vel
493 1315 613 1379 pilos
630 1331 898 1380 caprarum,
925 1315 973 1363 id
994 1326 1061 1363 est
1085 1315 1231 1364 verba
1251 1331 1355 1380 quae
1377 1325 1651 1364 sanctorum
1670 1325 1812 1379 atque

397 1393 662 1440 amicorum
687 1395 773 1440 Dei
810 1395 1018 1459 prodant
1050 1394 1302 1455 miracula,
1331 1390 1379 1440 in
1414 1393 1619 1440 Ecclesia
1652 1401 1812 1440 sancta

397 1471 703 1534 porrigimus,
725 1481 775 1517 ut
797 1471 1003 1534 legentes
1019 1488 1077 1518 eo
1097 1472 1352 1518 incitentur
1372 1469 1530 1518 studio
1550 1485 1650 1533 quo
1667 1469 1814 1516 sancti

400 1557 673 1594 meruerunt
697 1548 924 1595 scandere
951 1549 1132 1612 polum.
1162 1551 1283 1610 Ergo
1306 1548 1416 1612 quia
1439 1546 1577 1593 nobis
1599 1545 1660 1593 de
1687 1545 1814 1593 beati

402 1624 598 1670 Patrocli
628 1625 720 1671 vita
742 1642 893 1690 nuper
916 1625 1025 1672 data
1048 1626 1211 1673 relatio
1229 1625 1446 1689 quaedam
1468 1623 1694 1689 prodidit,
1715 1637 1813 1670 non

400 1700 665 1749 dmittenda
688 1703 770 1749 sed
797 1702 1141 1770 manifestanda
1170 1702 1358 1759 curavi,
1393 1711 1437 1748 et
1462 1701 1571 1748 licet
1594 1717 1814 1748 sermone

363 1783 374 1793 ²
400 1779 600 1838 rustico,
629 1795 726 1825 non
757 1789 914 1826 tamen
943 1780 1097 1827 occuli
1129 1779 1383 1826 arbitratus
1413 1795 1518 1826 sum
1555 1795 1659 1842 quae
1688 1780 1816 1824 Deus
1859 1797 1862 1800 ’

401 1856 541 1918 gessit
563 1873 646 1921 per
670 1856 900 1905 famulum
924 1874 1082 1904 suum.

432 1927 435 1934 ¹
468 1933 513 1978 1.
559 1932 703 1995 Igitur
748 1930 1047 1980 beatissimus
1084 1933 1325 1980 Patroclus
1363 1933 1553 1996 Biturigi
1592 1927 1814 1979 territorii

342 2027 360 2045 ·
401 2007 578 2065 incola,
611 2009 823 2056 AEtherio
846 2020 979 2074 patre
1013 2011 1311 2073 progenitus,
1349 2026 1459 2056 cum
1494 2009 1660 2056 decem
1693 2018 1815 2055 esset

401 2099 638 2130 annorum
657 2095 817 2149 pastor
838 2086 1002 2132 ovium
1024 2082 1302 2145 destinatur,
1328 2086 1469 2132 fratre
1496 2084 1702 2131 Antonio
1726 2093 1815 2130 tra-

402 2160 502 2207 dito
535 2161 595 2208 ad
632 2161 790 2208 studia
823 2161 1102 2209 litterarum.
1142 2164 1288 2210 Erant
1321 2162 1450 2209 enim
1486 2178 1585 2208 non
1619 2160 1812 2226 quidem

402 2238 646 2286 nobilitate
671 2239 914 2300 sublimes,
941 2239 1135 2302 ingenui
1158 2243 1346 2295 tamen,
1372 2255 1578 2302 cumque
1602 2236 1812 2302 quodam

402 2314 598 2362 meridie
627 2314 705 2363 hic
733 2332 759 2364 a
784 2307 984 2378 scholis,
1020 2316 1097 2364 ille
1127 2314 1326 2382 agrege
1352 2316 1607 2393 congruisse
1641 2310 1703 2363 ad
1734 2317 1813 2362 ca-

399 2391 630 2456 piendum
667 2393 854 2440 cibum!
867 2405 1067 2459 paterno
1108 2394 1157 2442 in
1197 2392 1407 2459 hospitio
1453 2393 1812 2454 convenissent,

400 2469 518 2516 dixit
539 2472 768 2518 Antonius
784 2471 1018 2542 fratri-suo
1037 2488 1048 2518 ε
1069 2491 1091 2526 ς(
1110 2472 1310 2540 Discede
1334 2471 1539 2534 longius,
1564 2487 1594 2517 o
1618 2459 1810 2529 rustice;

400 2555 536 2593 tuum
558 2557 628 2594 est
648 2549 776 2595 enim
799 2563 921 2612 opus
943 2560 1058 2595 oves
1078 2562 1286 2613 pascere,
1314 2561 1475 2594 meum
1498 2547 1661 2597 litteris
1678 2558 1813 2592 exer-

401 2626 495 2670 ceri
514 2644 525 2671 :
546 2641 639 2689 qua
661 2626 721 2673 de
739 2643 790 2674 re
813 2625 1098 2673 nobiliorem
1123 2642 1199 2673 me
1220 2624 1530 2690 ipsius'officii
1549 2636 1665 2671 cura
1685 2623 1810 2680 facit,

399 2717 507 2747 cum
532 2713 575 2749 te
600 2703 739 2767 hujus
760 2703 985 2751 custodiae
1007 2704 1206 2751 servitus
1225 2702 1369 2750 vilem
1396 2701 1581 2749 reddat.
1608 2720 1631 2744 υ
1668 2699 1814 2758 Quod

399 2777 476 2824 ille
506 2779 725 2836 audiens,
764 2791 811 2826 et
839 2780 965 2827 hanc
989 2780 1360 2844 increpationem
1384 2779 1518 2842 quasi
1539 2794 1569 2825 a
1590 2780 1693 2824 Deo
1714 2775 1812 2822 »sibi
