2054 3450
385 315 434 353 94
747 314 812 349 DE
840 313 1024 350 GLORIA
1052 315 1416 354 CONFESSORUM.

384 399 580 462 dignum
603 408 670 445 est
698 408 749 445 ut
780 399 840 446 de
873 400 1016 464 ipsius
1048 401 1159 463 ligni
1182 403 1406 450 tenuitate
1442 419 1665 467 magnum
1698 401 1786 449 ali—

383 476 497 539 quid
522 476 829 540 proferamus.
860 480 976 524 Nam
995 478 1160 541 saepius
1182 478 1242 524 de
1265 495 1322 525 eo
1347 479 1537 526 hastulae
1557 480 1687 526 sactae
1709 494 1786 542 pa·

384 568 575 615 rumper
609 561 753 599 acutae
785 552 941 599 dolori
973 553 1188 600 dentium
1222 554 1431 602 remedia
1465 555 1782 602 contulerunt.

385 632 491 675 Haec
511 628 708 676 audiens
728 629 1026 685 Charimeris,
1052 631 1131 693 qui
1152 647 1280 677 nunc
1303 631 1642 679 referendarius
1667 629 1789 677 Chil-

383 703 566 752 deberti
595 708 715 769 regis
739 705 957 766 habetur,
986 705 1101 752 dum
1131 705 1189 752 de
1220 706 1311 752 hoc
1339 706 1505 754 dolore
1532 706 1784 764 laboraret,

386 781 625 828 basilicam
665 782 815 829 sancti
845 769 1065 847 expetiit,
1109 793 1158 829 ut
1189 793 1463 848 sumpturus
1502 799 1557 830 ex
1597 783 1726 847 ligno
1759 798 1788 830 a

315 908 320 913 ,
387 860 554 907 virtute
587 860 735 906 sancti
758 860 1043 906 medicinam
1074 870 1330 907 mereretur
1352 861 1580 926 accipere,
1609 859 1689 906 sed
1716 875 1790 906 ve·

387 936 520 982 niens
561 936 734 982 ostium
762 937 933 1001 reperit
968 936 1255 983 obseratum.
1294 938 1506 984 Confisus
1534 953 1646 999 ergo
1679 935 1789 1000 quia

389 1013 534 1059 virtus
565 999 689 1060 beati
725 1012 900 1077 ubique
928 1013 985 1059 sit.
1018 1030 1243 1077 praesenS‚
1272 1023 1479 1061 extracto
1505 1013 1657 1061 cultro
1691 1012 1792 1059 has-

388 1089 534 1136 tulam
570 1090 743 1136 excutit
771 1089 830 1136 ab
866 1091 1003 1136 osti0.
1043 1091 1302 1154 Statimque
1341 1101 1393 1137 ut
1427 1090 1591 1137 dentes
1622 1088 1788 1152 attigit,

389 1166 554 1212 noxius
577 1166 716 1213 dolor
740 1166 979 1213 abscessit.
1009 1165 1219 1213 Habetur
1242 1166 1369 1231 apud
1397 1183 1485 1213 nos
1515 1176 1561 1214 et
1594 1164 1790 1212 baculus

385 1243 503 1306 ejus,
533 1243 592 1290 de
617 1260 715 1306 quo
737 1244 1015 1308 plerumque
1041 1242 1214 1289 infirmi
1242 1243 1553 1291 medicamina
1581 1251 1691 1289 sunt
1711 1258 1790 1288 ex-

386 1319 523 1383 perti.

934 1413 1090 1448 CAPUT
1114 1413 1242 1448 XCVI.

749 1512 799 1544 De
818 1511 948 1545 Albino
968 1510 1237 1545 Andecavorum
1253 1511 1432 1558 episcopo.

454 1623 647 1669 Albinus
682 1632 839 1669 autem
869 1623 1127 1681 confessor,
1152 1623 1284 1685 cujus
1307 1639 1458 1687 nuper
1479 1623 1594 1669 Vitae
1622 1622 1741 1670 liber
1764 1640 1792 1672 a

391 1702 644 1746 Fortunato
677 1710 745 1746 est
776 1700 1069 1763 conscriptus
1097 1698 1386 1762 presbytero,
1412 1699 1593 1746 obtinet
1608 1708 1661 1768 et
1693 1700 1792 1764 ipse

387 1776 686 1841 impertiente
713 1777 881 1823 merito
909 1793 1048 1822 suum
1073 1776 1259 1822 ostendi
1291 1776 1514 1823 miracula
1544 1776 1604 1823 ad
1638 1776 1791 1840 sepul-

389 1869 541 1899 crum.
567 1852 741 1900 Aderat
766 1853 906 1916 igitur
928 1853 1026 1899 dies
1050 1852 1372 1910 solemnitatis,
1407 1853 1454 1899 in
1487 1869 1583 1915 quo
1607 1853 1792 1917 paraly-

389 1930 507 1976 ticus
532 1929 754 1976 membris
769 1928 991 1975 omnibus
1013 1928 1198 1987 debilis,
1226 1939 1414 1976 evectus
1434 1929 1661 1993 plaustro,
1683 1939 1793 1988 ante

390 2007 584 2052 vitream
611 2005 784 2052 absidae
809 2021 904 2069 qua
931 2015 1092 2052 sancta
1116 2004 1465 2051 concluduntur
1491 2005 1704 2052 membra
1726 2021 1797 2052 se-

390 2082 548 2139 debat,
574 2082 803 2144 datusque
833 2081 995 2145 sopori
1016 2081 1133 2127 vidit
1159 2081 1312 2127 virum
1344 2081 1405 2127 ad
1434 2097 1483 2127 se
1508 2082 1792 2140 venientem,

391 2168 437 2205 et
459 2159 694 2205 dicentem
718 2157 805 2204 sibi
827 2175 836 2203 :
869 2161 1163 2221 «Quousque
1188 2158 1431 2217 dormitas,
1463 2167 1506 2204 et
1529 2174 1668 2204 sanus
1697 2157 1798 2205 fieri

393 2251 489 2281 non
505 2234 740 2281 desideras
755 2234 774 2279 Ξ)
787 2254 809 2277 »
827 2235 920 2293 Qui
936 2235 998 2281 ait
1016 2253 1025 2280 z
1051 2255 1072 2277 <t
1087 2235 1272 2282 Utinam
1292 2250 1471 2281 merear
1486 2250 1627 2280 sanus
1643 2233 1760 2281 fieri.
1772 2253 1794 2278 »

393 2312 610 2374 Dixitque
630 2312 670 2359 ei
694 2311 763 2357 vir
789 2330 799 2357 ε
828 2313 982 2357 «Cum
1005 2312 1190 2374 signum
1213 2311 1271 2357 ad
1289 2327 1479 2357 cursum
1503 2311 1632 2358 horae
1653 2310 1798 2358 tertiae

393 2388 594 2434 audieris
622 2388 862 2459 insonare,
898 2404 1035 2451 surge
1066 2387 1294 2434 continuo
1322 2397 1368 2434 et
1400 2387 1644 2450 ingredere
1673 2386 1795 2434 basi-

393 2466 531 2512 licam
552 2465 613 2511 ad
633 2480 777 2529 quam
797 2464 979 2510 venisti.
1007 2467 1233 2510 Futurum
1253 2462 1321 2510 est
1339 2464 1466 2510 enim
1489 2474 1539 2510 ut
1558 2463 1658 2528 ipsa
1681 2463 1798 2510 hora

392 2541 557 2588 beatus
595 2541 822 2588 Martinus
854 2557 962 2587 cum
1000 2540 1168 2586 Albino
1204 2539 1467 2587 contribule
1509 2539 1798 2603 ingrediatur

394 2618 633 2664 basilicam
674 2627 748 2675 ut,
790 2608 1004 2663 oratione
1042 2617 1188 2677 facta,
1226 2617 1286 2662 ad
1317 2617 1416 2679 ejus
1454 2616 1797 2663 solemnitatem

391 2694 590 2740 Turonis
620 2693 849 2740 accedere
880 2693 1064 2741 debeat.
1109 2694 1156 2739 Si
1189 2693 1314 2739 enim
1347 2709 1405 2739 eo
1437 2702 1679 2739 momento
1713 2692 1797 2740 ad-

396 2762 597 2834 praeSens
631 2770 799 2829 fueris,
839 2787 979 2816 sanus
1013 2769 1284 2816 efficieris.»
1323 2773 1416 2817 Nec
1447 2779 1656 2818 moratus
1688 2759 1796 2845 ille,
