2054 3450
407 339 456 374 28
742 384 749 391 ,V
773 338 840 372 DE
866 336 1051 373 GLORIA
1081 335 1451 373 CONFESSORUM.

406 424 546 488 hujus
568 423 751 470 consilii
774 423 967 471 effectus
994 434 1061 471 est
1090 433 1451 470 consentaneuS.
1478 424 1610 468 Tunc
1635 420 1711 468 ille
1734 420 1817 467 de-

406 509 570 566 ceptor
592 500 700 548 fecit
730 499 904 548 similes
925 500 985 547 de
1015 509 1211 564 argento
1234 499 1430 564 species,
1458 508 1509 545 ut
1538 497 1653 544 nihil
1688 496 1818 544 aliud

405 593 548 636 quam
573 593 743 624 aurum
767 578 1071 642 purissimum
1095 586 1355 642 putaretur,
1390 584 1434 622 et
1455 575 1522 621 sic
1546 590 1690 639 opera
1714 591 1818 639 quae

405 670 513 700 cum
549 655 745 718 gemmis
773 653 957 719 filisque
987 656 1142 702 aureis
1172 654 1357 701 fuerant
1387 652 1684 717 superposita
1716 662 1818 699 stu-

406 731 669 779 diosissime
711 748 822 777 cum
858 731 1001 778 clavis
1042 731 1204 779 affixit.
1244 733 1580 777 Verumtamen
1624 729 1815 776 calicem

405 824 503 854 non
526 808 826 866 comminuit,
855 809 964 872 quia
997 809 1253 872 cataclyza¹
1284 808 1332 853 in
1364 807 1467 871 ipso
1500 805 1683 852 fuerant
1710 805 1817 852 soli-

405 885 530 932 data.
569 885 786 948 Denique
819 886 1022 949 portitor
1057 902 1166 932 cum
1203 884 1291 931 hac
1331 883 1494 930 fraude
1534 883 1818 945 Lugdunum

405 962 612 1020 advenit,
640 961 903 1023 oblatisque
935 962 1229 1022 muneribus,
1257 961 1317 1009 ab
1347 961 1572 1026 episcopo
1605 976 1822 1008 munera-

406 1048 484 1085 tur
509 1056 519 1084 ε
550 1054 875 1102 regressusque
897 1039 956 1086 ad
982 1041 1181 1098 socium,
1209 1055 1377 1087 aurum
1400 1037 1459 1084 de
1487 1036 1731 1101 speciebus
1760 1036 1820 1083 fi-

379 1179 389 1183 ,
407 1124 625 1179 guratum
647 1117 855 1179 recipere
874 1117 1064 1179 flagitat.
1088 1117 1255 1163 Artifex
1278 1133 1391 1163 vero
1417 1115 1573 1163 adhuc
1599 1132 1696 1162 non
1721 1132 1820 1162 esse

407 1202 558 1239 toturn
589 1203 802 1257 paratum
830 1194 1125 1257 pronuntiat,
1153 1193 1234 1241 sed
1258 1193 1347 1239 sub
1367 1193 1464 1258 ipsa
1490 1192 1817 1256 expliciturum
1842 1235 1845 1238 Α

406 1287 454 1317 se
477 1279 618 1316 nocte
638 1270 901 1334 pollicetur.
925 1274 1095 1318 Exacta
1115 1271 1254 1334 igitur
1269 1286 1421 1330 coena,
1450 1286 1560 1316 cum
1578 1270 1624 1315 in
1648 1269 1817 1316 cellula

406 1364 500 1411 qua
519 1347 619 1394 haec
647 1347 949 1412 operabatur,
979 1348 1153 1412 pariter
1183 1348 1458 1404 residerent,
1491 1363 1719 1394 concussa
1743 1363 1821 1392 su-

406 1424 507 1471 bito
527 1441 554 1472 a
578 1435 709 1471 terrae
733 1434 863 1471 motu
894 1441 1036 1489 super
1063 1440 1145 1472 eos
1175 1424 1337 1483 diruit,
1365 1423 1669 1488 disruptaque
1693 1433 1819 1469 terra

406 1501 494 1548 sub
517 1500 719 1567 pedibus
742 1518 926 1561 eorum,
953 1502 1080 1566 ipsos
1100 1502 1271 1568 pariter
1296 1518 1406 1548 cum
1434 1501 1633 1565 pecunia
1655 1499 1819 1564 deglu-

406 1579 525 1633 tivit,
553 1578 995 1643 descenderuntque
1018 1583 1227 1626 viventes
1253 1594 1307 1625 ac
1327 1577 1633 1624 vociferantes
1657 1577 1705 1623 in
1729 1585 1821 1623 tar·

407 1665 579 1714 tarum,
614 1655 832 1720 ultusque
855 1666 921 1703 est
957 1659 1083 1703 Deus
1118 1655 1340 1702 velociter
1373 1655 1433 1701 de
1470 1654 1633 1701 fraude
1671 1652 1821 1700 eccle-

407 1733 484 1779 siae
508 1749 618 1779 suae.
655 1736 749 1797 Ego
775 1750 887 1779 vero
914 1734 998 1780 lias
1023 1734 1203 1798 species
1229 1733 1275 1779 in
1301 1732 1493 1779 ecclesia
1520 1730 1820 1795 Lugdunensi

407 1811 659 1875 saepissime
684 1810 795 1856 vidi.
823 1811 889 1856 Sit
916 1810 1009 1856 hoc
1030 1810 1217 1875 populis
1237 1810 1598 1866 documentum,
1636 1818 1685 1854 ut
1716 1807 1820 1854 nul—

411 1885 480 1933 lus
516 1903 589 1934 res
623 1887 826 1934 ecclesiae
862 1896 943 1933 aut
979 1897 1217 1951 appetere,
1256 1897 1335 1933 aut
1375 1885 1589 1933 fraudare
1626 1885 1818 1931 nitatur.

412 1966 527 2010 Nam
560 1964 710 2024 aliter,
751 1963 926 2010 videbit
955 1964 1039 2009 Dei
1071 1963 1303 2026 judicium
1341 1979 1482 2027 super
1517 1979 1567 2009 se
1602 1963 1825 2013 velociter

411 2056 672 2088 imminere.

958 2139 1112 2174 CAPUT
1138 2139 1268 2178 LXIV.

547 2243 598 2276 De
614 2243 758 2277 muliere
772 2255 849 2288 quae
865 2242 1032 2289 Epipodii
1052 2241 1214 2290 martyris
1238 2242 1512 2277 calceamentum
1532 2240 1684 2286 collegit.

1556 2316 1562 2337 s
1651 2329 1664 2335 χ
1877 2318 1897 2342 ,κ

480 2362 738 2426 Requiescit
764 2363 811 2408 in
831 2361 1109 2410 suburbano
1134 2378 1379 2409 murorum
1400 2360 1530 2407 urbis
1551 2359 1694 2424 ipsius
1718 2375 1826 2406 mu-

412 2439 511 2496 lier,
533 2456 636 2503 quae
657 2439 828 2486 dicitur
846 2439 1087 2502 collegisse
1104 2438 1476 2486 calceamentum
1502 2434 1629 2484 beati
1653 2446 1825 2500 marty-

1826 2516 1848 2541 0

466 2581 523 2634 (1)
545 2583 641 2621 Clar.
658 2582 685 2620 b
691 2584 946 2632 ,οαιαι-ΙίρΙια.
961 2583 1033 2620 Hic
1052 2582 1157 2620 locus
1173 2582 1227 2620 sic
1241 2579 1492 2634 exponendus
1509 2587 1576 2625 est,
1596 2578 1687 2629 quia
1704 2576 1823 2629 lapilli

413 2641 567 2693 pretiosi
591 2612 750 2680 solidius
770 2642 851 2680 vasi
869 2642 1001 2681 inserti
1021 2650 1144 2682 erant.
1173 2641 1233 2678 Sic
1261 2648 1299 2678 et
1323 2648 1448 2678 vestes
1470 2652 1518 2677 ex
1537 2640 1736 2686 eatae-crsis-
1759 2649 1825 2682 seu

367 2699 371 2703 ’
414 2700 544 2770 potius
556 2703 762 2742 cataclmrs
794 2699 1034 2757 dicebantur,
1059 2700 1099 2738 in
1127 2699 1279 2759 quibus
1296 2711 1456 2751 gemmae
1487 2706 1526 2735 et
1550 2696 1695 2748 lapides
1720 2691 1826 2734 erait

373 2773 381 2786 ⁴
396 2751 563 2806 findani,
582 2768 647 2797 aut
669 2772 761 2813 quae
772 2772 888 2810 opere
908 2759 1086 2812 phrygio
1089 2748 1282 2833 adornata·
1299 2765 1422 2796 erant.
1446 2756 1538 2794 Vide
1564 2755 1713 2807 cangii
1713 2754 1826 2792 Glos-

386 2817 584 2875 *sarium
595 2817 681 2870 (R.)
1240 2860 1241 2863 Ἴ
1305 2812 1324 2855 ¹.
1354 2827 1364 2837 ⁴
1475 2831 1501 2860 ‚a
1695 2827 1737 2854 ι·

900 2889 909 2899 ”
960 2902 980 2923 2
