2054 3450
417 328 492 362 212
765 334 775 342 ·
933 323 1062 359 VITAE
1087 322 1303 359 PATRUM.

984 494 1139 531 CAPUT
1161 494 1247 529 VII.

709 597 762 631 De
778 603 899 631 sancto
915 594 1089 642 Gregorio
1106 593 1272 642 episcopo
1291 593 1519 640 Lingonensi.

477 714 682 778 Egregiae
703 714 957 761 sanctitatis
980 713 1084 770 viri,
1117 728 1238 776 quos
1263 711 1420 777 palma
1441 709 1655 776 perfectae
1675 710 1820 758 beati·

414 791 590 838 tudinis
613 807 638 838 e
661 790 795 837 terris
814 790 965 836 editos
985 788 1137 837 evexit
1155 788 1216 835 ad
1236 787 1395 847 coelos,
1415 787 1466 834 hi
1485 796 1594 834 sunt
1607 803 1727 851 quos
1738 795 1820 834 aut

413 886 511 916 non
540 867 658 915 fictae
687 867 925 914 charitatis
953 865 1196 913 vinculum
1222 865 1352 928 ligat,
1383 873 1464 912 aut
1490 865 1816 929 eleemosyna-

413 961 519 992 rum
545 943 723 991 fructus
743 943 876 999 ditat,
903 952 985 990 aut
1004 942 1091 989 flos
1113 942 1337 990 castitatis
1358 941 1577 1002 adornat,
1603 950 1685 988 aut
1700 957 1820 988 mar·

413 1021 519 1085 tyrii
545 1020 808 1083 agonizatio
832 1029 958 1067 certa
981 1027 1181 1066 coronat
1205 1036 1215 1064 ε
1240 1019 1287 1065 in
1311 1017 1487 1082 quibus
1512 1017 1573 1065 ad
1591 1017 1820 1065 inchoan-

412 1098 529 1144 dum
560 1097 772 1161 perfectae
801 1095 990 1160 justitiae
1020 1112 1141 1160 opus
1171 1094 1284 1142 illud
1310 1094 1396 1142 fuit
1422 1094 1650 1154 studium,
1687 1103 1739 1141 ut
1769 1094 1817 1141 in

413 1174 574 1238 primis
604 1190 777 1238 corpus
809 1175 909 1220 sine
941 1172 1125 1219 macula
1151 1181 1466 1236 praeparatum
1493 1170 1819 1230 habitaculum

411 1250 603 1315 Spiritui
626 1259 788 1296 sancto
813 1248 1091 1313 praeberent,
1113 1258 1159 1295 et
1181 1248 1247 1295 sic
1268 1247 1329 1294 ad
1356 1248 1642 1312 reliquarum
1663 1248 1820 1294 virtu-

412 1339 510 1374 tum
535 1327 715 1374 excelsa
737 1326 1106 1386 contenderent3
1132 1334 1274 1389 atque
1288 1325 1378 1389 ipsi
1392 1324 1479 1372 sibi
1496 1333 1820 1390 persecutores

413 1403 538 1461 facti,
566 1403 682 1450 dum
709 1403 756 1449 in
781 1419 830 1450 se
851 1418 935 1449 sua
959 1401 1254 1467 perimebant
1274 1402 1404 1459 vitia,
1436 1411 1664 1465 tanquam
1694 1417 1819 1448 mar-

412 1490 534 1544 tyres
556 1479 759 1546 probati,
783 1489 973 1543 peracto
992 1495 1132 1525 cursu
1155 1477 1320 1541 agonis
1338 1477 1529 1541 legitimi
1554 1477 1820 1542 triumpha-

411 1566 532 1603 rent.
559 1556 701 1614 Quod
735 1555 893 1602 nullus
915 1556 1015 1602 sine
1047 1555 1132 1601 Dei
1164 1570 1256 1619 ope
1289 1553 1465 1601 valebit
1493 1554 1695 1615 efficere,
1730 1554 1819 1601 nisi

410 1632 637 1680 dominici
662 1631 883 1695 adjutorii
911 1641 1180 1696 protegatur
1201 1630 1272 1677 vel
1297 1647 1461 1695 parma
1485 1631 1559 1678 vel
1583 1630 1744 1695 galea;
1773 1639 1820 1678 et

409 1708 542 1772 quod
575 1708 719 1772 egerit
753 1724 851 1754 non
883 1709 972 1766 sui,
1008 1706 1091 1754 sed
1125 1706 1187 1754 ad
1218 1706 1366 1754 divini
1390 1707 1598 1754 nominis
1620 1706 1819 1771 gloriam

410 1786 620 1850 deputet,
642 1786 772 1848 juxta
797 1784 910 1831 illud
941 1784 1152 1849 Apostoli
1180 1802 1190 1831 ;
1215 1804 1236 1829 «
1265 1785 1359 1842 Qui
1382 1784 1625 1848 gloriatur,
1645 1783 1694 1830 in
1715 1786 1817 1830 Do-

409 1862 541 1909 mino
580 1862 821 1926 glorietur.
849 1882 870 1906 »2
910 1864 962 1907 In
991 1861 1086 1908 hoc
1121 1861 1248 1907 enim
1286 1870 1332 1907 et
1363 1861 1528 1909 beatus
1561 1861 1817 1925 Gregorius

409 1955 601 1984 omnem
621 1938 819 2001 gloriam
840 1937 1056 1998 contulit,
1082 1937 1164 2000 qui
1192 1935 1252 1983 de
1279 1937 1459 1984 excelsa
1486 1937 1711 1984 senatorii
1739 1953 1815 1984 or·

409 2013 532 2060 dinis
559 2014 771 2079 potentia
807 2013 867 2060 ad
898 2013 1027 2060 illam
1060 2030 1109 2060 se
1143 2012 1457 2060 humilitatem
1495 2012 1706 2060 subdidit
1744 2023 1812 2074 ut,

409 2090 632 2138 omnibus
642 2090 797 2139 saeculi
812 2090 936 2137 curis
951 2089 1158 2153 abjectis,
1171 2089 1258 2136 soli
1271 2106 1320 2136 se
1337 2092 1436 2137 Deo
1451 2089 1630 2138 dicaret
1650 2106 1812 2156 opere,

408 2183 551 2230 quem
571 2168 619 2214 in
638 2177 829 2231 pectore
853 2166 1100 2214 retinebat.

478 2247 521 2290 1.
560 2244 704 2307 Igitur
729 2254 918 2291 sanctus
947 2244 1202 2307 Gregorius
1227 2259 1283 2290 ex
1311 2242 1606 2290 senatoribus
1630 2243 1813 2308 primis,

408 2320 531 2367 bene
553 2321 719 2368 litteris
742 2321 980 2367 institutus
1006 2319 1440 2383 Augustodunensis
1452 2319 1649 2367 civitatis
1667 2320 1815 2367 comi·

407 2406 559 2443 tatum
588 2396 812 2453 ambivit3
846 2398 894 2444 in
922 2397 1149 2444 comitatu
1181 2406 1340 2444 autem
1368 2397 1547 2461 positus
1574 2391 1816 2459 regionem

407 2473 538 2520 illam
571 2490 656 2538 per
686 2473 996 2538 quadraginta
1029 2490 1180 2520 annos
1205 2474 1382 2537 justitia
1414 2472 1669 2521 comitante
1699 2489 1814 2519 cor-

407 2550 526 2598 rexit
553 2567 563 2596 :
597 2559 643 2596 et
664 2558 762 2597 tam
781 2566 970 2597 severus
992 2559 1133 2614 atque
1153 2550 1392 2611 districtus
1414 2549 1499 2596 fuit
1521 2550 1570 2596 in
1593 2548 1811 2596 malefac-

409 2626 606 2686 toribus,
635 2636 686 2673 ut
706 2628 780 2673 vix
803 2628 846 2674 ei
867 2627 989 2674 ullus
1010 2644 1199 2674 reorum
1220 2636 1379 2692 posset
1397 2625 1614 2673 evadere.
1636 2626 1809 2689 Conju-

406 2719 510 2765 geni
524 2702 584 2749 de
595 2719 764 2766 genere
777 2703 1014 2749 senatorio
1025 2702 1222 2761 habens,
1239 2702 1579 2748 Armentariam
1593 2702 1807 2764 nomine,

406 2795 547 2842 quam
579 2779 641 2826 ad
667 2779 1021 2844 propagandam
1053 2779 1402 2842 generationem
1430 2788 1615 2826 tantum
1642 2779 1813 2827 dicitur
