2054 3450
404 403 480 439 166
746 376 757 383 ’
920 402 1047 438 vrrffi
1074 401 1292 438 PATRUM.

404 487 679 535 vacillantur
703 506 713 534 ε
743 504 831 552 pro
858 504 950 552 qua
973 487 1067 534 fide
1095 503 1195 534 non
1218 487 1371 534 solum
1392 488 1511 536 infra
1534 490 1691 554 patriae
1717 498 1812 536 ter-

405 566 589 613 minum
616 566 837 631 propriae,
862 565 978 612 dum
1002 564 1241 612 coelestem
1262 565 1407 611 vitam
1427 581 1563 629 agere
1591 567 1807 631 cupiunt,

403 641 583 690 exsules
605 642 715 690 facti
738 652 864 703 sunt,
890 641 974 689 sed
995 642 1137 689 etiam
1161 642 1473 689 transmarina
1492 658 1547 690 ac
1565 643 1812 708 peregrina

403 719 642 784 petierunt
661 718 782 779 loca,
809 728 861 765 ut
882 720 925 765 ei
952 719 1029 766 cui
1049 735 1099 766 se
1114 718 1405 765 devoverant
1425 717 1534 783 plus
1554 719 1808 782 placerent.

404 796 532 843 Sicut
575 812 705 842 nunc
740 795 907 842 beatus
944 795 1180 842 Abraham
1203 794 1370 853 abbas,
1398 795 1478 858 qui
1512 805 1621 859 post
1644 795 1813 843 multas

403 873 687 919 tentationes
704 872 877 931 saeculi,
894 871 1011 920 fines
1027 882 1097 919 est
1112 872 1334 918 territorii
1353 872 1585 934 ingressus
1600 873 1809 919 Arverni.

404 951 499 1008 Qui
532 967 631 996 non
663 950 899 996 immerito
936 949 1134 997 Abrahae
1166 948 1232 995 illi
1269 958 1572 1014 comparatur
1602 949 1703 996 seni
1725 965 1814 1014 pro

406 1026 731 1091 magnitudine
747 1026 875 1088 fidei,
891 1027 968 1074 cui
981 1026 1228 1091 quondam
1243 1025 1424 1072 dixerat
1438 1028 1566 1073 Deus
1583 1044 1594 1072 ε
1619 1046 1642 1069 «
1653 1027 1738 1072 Exi
1755 1025 1816 1073 de

405 1115 527 1151 terra
547 1114 627 1151 tua
643 1114 690 1151 et
703 1103 763 1151 de
783 1104 1069 1167 cognatione
1086 1113 1184 1162 tua,
1206 1113 1253 1150 et
1265 1103 1386 1150 vade
1406 1103 1455 1149 in
1479 1113 1654 1150 terram
1674 1119 1817 1167 quam

406 1190 732 1228 monstravero
748 1181 874 1228 tibi¹.
885 1199 908 1225 »
933 1181 1135 1245 Reliquit
1153 1190 1312 1227 autem
1329 1180 1408 1227 hic
1423 1196 1521 1226 non
1545 1179 1701 1226 solum
1718 1189 1814 1227 ter·
1883 1173 1885 1175 ¹

405 1274 507 1305 ram
534 1259 798 1323 propriam,
820 1258 905 1304 sed
927 1258 1067 1304 etiam
1090 1257 1218 1304 illam
1242 1258 1409 1304 veteris
1439 1256 1647 1304 hominis
1671 1257 1816 1304 actio·
1843 1251 1849 1255 ’

406 1351 535 1395 nem,
551 1345 598 1381 et
616 1334 774 1382 induit
795 1351 973 1381 novum
995 1334 1259 1389 hominem,
1280 1335 1361 1398 qui
1378 1334 1642 1381 secundum
1662 1335 1815 1380 Deum

408 1412 636 1458 formatus
661 1421 730 1458 est
751 1412 799 1458 in
820 1412 1015 1474 justitia,
1039 1412 1285 1458 sanctitate
1306 1420 1352 1457 et
1375 1411 1583 1458 veritate.
1608 1411 1818 1475 Ideoque

406 1505 516 1536 cum
535 1506 585 1536 se
608 1489 870 1552 perfectum
895 1490 941 1535 in
963 1489 1051 1535 Dei
1077 1505 1220 1553 opere
1239 1497 1468 1545 cerneret,
1494 1505 1592 1535 non
1613 1489 1699 1535 tuit
1722 1488 1818 1535 du-

405 1565 512 1612 bius
545 1566 593 1611 in
630 1564 724 1612 fide
751 1575 912 1630 petere
940 1564 1071 1629 quod
1101 1582 1187 1629 per
1207 1566 1353 1612 vitam
1378 1574 1588 1612 sanctam
1611 1563 1818 1612 confisus

407 1651 475 1689 est
502 1641 717 1689 obtinere
746 1660 756 1688 τ
785 1659 870 1707 per
904 1659 1046 1705 quem
1073 1640 1229 1706 opifex
1252 1641 1382 1700 coeli,
1420 1642 1562 1689 maris
1583 1658 1639 1688 ac
1663 1651 1814 1702 terrae,

407 1734 552 1782 parva
575 1718 768 1782 quidem
791 1735 1012 1775 numero,
1041 1718 1124 1765 sed
1143 1718 1424 1766 admiranda
1454 1719 1679 1766 miracula
1703 1734 1818 1783 ope·

407 1796 498 1842 rari
518 1796 737 1859 dignatus
757 1804 841 1843 est.

476 1877 521 1919 1.
550 1873 695 1936 Igitur
718 1871 951 1920 Abraham
987 1873 1072 1919 iste
1094 1888 1235 1937 super
1263 1872 1516 1936 Euphratis
1538 1873 1669 1919 fluvii
1688 1871 1819 1919 littus

408 1958 598 1996 exortus
617 1959 707 2007 est,
734 1949 815 1996 ubi
843 1950 892 1995 in
914 1950 1000 1996 Dei
1026 1965 1171 2013 opere
1192 1949 1446 2013 proficiens
1476 1949 1537 1996 ad
1561 1948 1820 1996 visitandos

407 2025 651 2082 eremitas,
677 2025 809 2072 adire
840 2026 1027 2089 AEgypti
1055 2025 1330 2072 solitudines
1364 2025 1652 2090 concupivit.
1676 2024 1819 2082 Quod

407 2100 496 2146 iter
524 2100 639 2147 dum
670 2110 863 2159 tereret,
889 2116 918 2147 a
946 2101 1141 2164 paganis
1169 2100 1567 2165 comprehensuS,
1593 2110 1640 2147 et
1662 2101 1820 2147 multis

409 2193 496 2240 pro
532 2176 703 2224 Christi
742 2177 937 2224 nomine
968 2177 1163 2224 affectus
1200 2177 1497 2236 verberibus,
1544 2177 1592 2223 in
1631 2177 1821 2224 vincula

408 2253 685 2317 conjicitur3
723 2255 771 2300 in
804 2253 978 2318 quibus
1018 2270 1104 2318 per
1139 2254 1349 2318 quinque
1381 2269 1534 2301 annos
1566 2254 1817 2313 exsultans,

409 2331 578 2393 angelo
613 2331 849 2388 solvente,
877 2330 1078 2378 laxatur.
1105 2330 1462 2378 Occidentalem
1493 2347 1687 2395 quoque
1720 2330 1817 2396 pla-

409 2424 515 2471 gam
533 2408 720 2455 visitare
740 2410 958 2473 cupiens,
985 2408 1202 2455 Arvernis
1223 2407 1429 2468 advenit,
1456 2407 1619 2472 ibique
1648 2407 1710 2455 ad
1737 2408 1820 2454 ba-

407 2484 586 2532 silicam
625 2487 772 2533 sancti
807 2487 960 2550 Cyrici
1002 2486 1338 2534 monasterium
1353 2487 1367 2510 ²
1410 2485 1673 2534 collocavit.
1715 2488 1824 2532 Erat

409 2562 539 2608 enim
558 2563 686 2609 mirae
702 2563 904 2623 virtutis,
926 2563 1110 2627 fugator
1126 2563 1415 2624 daemonum,
1436 2562 1822 2627 illuminatorque

463 2761 521 2814 (1)
552 2765 645 2801 Gen.
667 2777 746 2811 xn,
769 2767 806 2803 1.

465 2820 523 2873 (2)
552 2821 661 2859 Idem
693 2822 808 2861 habet
834 2823 902 2862 lib.
925 2825 962 2861 11
982 2823 1078 2862 Hist.
1100 2836 1184 2875 cap.
1205 2836 1287 2875 1¹1,
1314 2822 1380 2861 ubi
1404 2821 1528 2861 Vitam
1551 2821 1716 2861 Abrahae
1735 2834 1759 2860 a
1782 2834 1823 2860 se

410 2880 589 2931 scriptam
608 2879 750 2931 laudat.
769 2880 857 2932 (R.)
