2054 3450
409 309 484 345 282
921 311 1049 349 VlTAE
1076 313 1294 353 PA'mUM.

407 397 728 445 ecclesiasticae
745 398 930 446 bonum
949 399 1161 463 quaesivit
1183 410 1230 448 et
1256 403 1451 466 reperit,
1479 413 1526 451 et
1553 406 1681 470 apud
1710 422 1808 454 mo·

405 475 661 522 nasterium
695 476 948 524 Meletense
984 477 1173 524 termini
1214 479 1386 525 Averni
1428 492 1712 545 conversus,
1763 485 1810 531 in

407 567 576 614 magna
613 551 877 600 humilitate
918 570 967 601 se
1010 553 1230 602 fratribus
1274 553 1488 620 praebuit.
1534 560 1642 606 Erat
1683 560 1811 607 enim

403 644 598 676 summae
618 627 933 687 abstinentiae,
959 632 1024 678 ita
1044 640 1093 678 ut
1116 630 1177 678 ab
1201 630 1357 679 inedia
1379 633 1580 680 nimium
1602 637 1807 698 attritus,

402 705 728 768 quotidianam
768 724 878 754 cum
916 708 1107 771 reliquis
1144 707 1364 756 fratribus
1399 726 1593 775 operam
1626 711 1811 777 explere

401 784 632 846 nequiret.
658 784 818 843 Unde,
844 795 894 831 ut
914 801 1019 831 mos
1035 794 1104 832 est
1125 785 1492 848 monachorum,
1519 803 1745 851 magnum
1769 792 1812 838 ei

401 859 745 925 improperium
770 857 1062 920 inferebant,
1091 862 1278 910 dicente
1300 862 1387 910 sibi
1410 865 1666 929 praesertim
1696 882 1812 931 prae-

399 936 554 1000 posito
578 954 587 983 :
617 938 750 994 «Qui
769 954 866 985 non
884 938 1112 987 deliberat
1131 938 1370 1000 laborare,
1394 941 1586 1004 indigne
1605 943 1812 1006 postulat

399 1011 703 1061 manducare.
733 1035 754 1057 »
801 1017 927 1061 Dum
960 1025 1120 1062 autem
1155 1015 1233 1063 hic
1268 1017 1453 1064 assidue
1491 1028 1703 1067 ureretur
1738 1019 1811 1068 his

398 1090 820 1154 exprobrationum
846 1092 1024 1152 verbis,
1051 1092 1220 1140 vallem
1243 1093 1373 1141 haud
1393 1095 1560 1159 procul
1578 1112 1606 1143 a
1624 1110 1811 1145 monas-

399 1167 517 1215 terio
545 1169 864 1234 conspicatur,
892 1169 953 1217 de
982 1170 1115 1234 cujus
1144 1171 1302 1218 medio
1334 1173 1452 1237 lapis
1482 1183 1649 1222 natura
1682 1190 1809 1240 prae-

397 1243 537 1293 bente
568 1263 882 1310 consurgens,
923 1246 1200 1312 provehitur
1233 1248 1280 1295 in
1317 1250 1553 1297 excelsum
1588 1253 1722 1316 quasi
1759 1251 1806 1300 in

395 1322 662 1387 quingentis
696 1334 777 1372 aut
808 1341 866 1372 eo
901 1324 1104 1390 amplius
1138 1324 1367 1391 pedibus,
1405 1327 1580 1376 nullam
1617 1331 1808 1394 penitus

394 1399 575 1447 habens
598 1417 708 1448 cum
735 1401 926 1465 reliquis
949 1401 1190 1449 montibus
1212 1403 1557 1468 circumpositis
1579 1406 1809 1470 conjunc·-

394 1477 574 1524 tionem
597 1496 607 1524 ι
631 1479 764 1542 cujus
787 1479 918 1525 vallis
941 1479 1151 1526 medium
1175 1479 1346 1526 fluvius
1377 1480 1532 1541 alluit,
1565 1483 1648 1546 qui
1677 1484 1806 1531 hunc

393 1563 607 1601 montem
643 1554 826 1619 placide
856 1556 1135 1619 contingens
1167 1556 1408 1604 dilabitur.
1440 1560 1489 1604 ln
1523 1558 1666 1623 hujus
1694 1574 1806 1625 ergo

391 1631 560 1695 lapidis
584 1633 857 1693 scissuram,
885 1633 1018 1696 quod
1046 1634 1210 1698 priscis
1235 1635 1529 1700 temporibus
1559 1638 1806 1701 quondam

391 1718 585 1773 propter
611 1710 859 1756 transitum
882 1709 1091 1757 hostium
1115 1712 1466 1776 receptaculum
1488 1713 1591 1774 fuit,
1612 1716 1806 1764 eremita

390 1795 577 1833 sanctus
610 1786 891 1849 ingreditur,
926 1797 973 1850 et
1003 1788 1159 1835 exciso
1195 1788 1374 1853 lapide,
1413 1789 1682 1840 habitacula
1711 1802 1806 1840 sta-

391 1863 476 1908 tuit
508 1862 557 1909 in
580 1878 685 1926 quae
707 1879 837 1910 nunc
867 1880 951 1928 per
975 1864 1148 1911 scalam
1178 1865 1314 1913 valde
1347 1865 1587 1914 difficilem
1615 1868 1805 1916 scandi-

391 1949 493 1985 tur:
514 1939 646 1986 locus
667 1940 842 1987 etenim
858 1941 935 1987 ille
956 1951 1054 1988 tam
1069 1941 1271 1988 difficilis
1286 1953 1355 1990 est
1377 1943 1436 1990 ad
1459 1944 1799 2003 incedendum,

391 2024 442 2060 ut
464 2017 606 2063 etiam
632 2016 737 2063 seris
761 2016 923 2064 bestiis
948 2018 1060 2064 illuc
1079 2019 1303 2066 accedere
1326 2021 1383 2066 sit
1410 2019 1603 2067 laboris.
1632 2024 1684 2068 In
1709 2022 1803 2070 hoc

390 2091 496 2138 loco
529 2092 839 2139 oratoriolum
872 2092 1122 2157 parvulum
1152 2094 1366 2158 quodam
1396 2096 1543 2143 modo
1566 2098 1696 2157 fecit,
1724 2100 1802 2146 cui

388 2168 560 2227 oranti,
585 2177 635 2215 ut
654 2169 754 2233 ipse
774 2169 912 2216 nobis
930 2186 1040 2217 cum
1062 2169 1282 2234 lacrymis
1307 2172 1479 2220 referre
1495 2184 1594 2221 erat
1613 2174 1797 2235 solituS,

387 2255 626 2309 serpentes
648 2261 791 2310 super
814 2256 954 2311 caput
985 2247 1083 2310 ejus
1115 2249 1281 2313 saepius
1311 2247 1618 2311 decidebant,
1651 2261 1698 2298 et
1727 2253 1799 2298 in-

387 2320 628 2368 volventes
648 2336 697 2367 se
715 2322 842 2369 circa
863 2322 1039 2369 collum
1063 2323 1187 2386 ejus,
1217 2339 1315 2371 non
1342 2326 1593 2374 minimum
1617 2327 1659 2373 ei
1682 2328 1801 2374 infe-

386 2396 554 2444 rebant
569 2397 837 2446 horrorem.
856 2397 948 2446 Sed
965 2400 1076 2464 quia
1096 2400 1314 2449 diabolus
1336 2401 1397 2450 ad
1416 2404 1622 2467 speciem
1643 2404 1798 2452 callidi

384 2476 614 2540 serpentis
637 2475 854 2535 habetur,
877 2494 976 2524 non
998 2476 1252 2542 ambigitur
1277 2480 1376 2543 ejus
1397 2479 1522 2528 hanc
1546 2481 1684 2528 fuisse
1706 2483 1797 2529 im-

386 2553 621 2600 missionis
655 2553 892 2601 insidiam.
945 2555 1064 2602 Nam
1095 2572 1207 2602 cum
1242 2554 1319 2603 ille
1351 2557 1411 2604 ad
1444 2557 1546 2605 haec
1569 2569 1796 2623 perstaret

386 2630 665 2690 immobilis,
691 2647 779 2678 nec
799 2642 1069 2679 moveretur
1089 2633 1327 2680 minorum
1351 2636 1574 2698 anguium
1603 2634 1790 2697 ictibus,

385 2706 591 2767 quadam
622 2707 700 2754 die
727 2708 824 2754 duo
851 2707 1083 2756 dracones
1107 2710 1347 2758 immensae
1373 2711 1708 2774 magnitudinis
1731 2713 1793 2760 ad

384 2798 490 2828 eurn
527 2785 751 2846 ingressi,
792 2786 1036 2832 astiterunt
1067 2777 1230 2850 procul
1266 2805 1276 2832 x
1310 2805 1518 2851 quorum
1556 2804 1704 2849 unus,
1742 2799 1794 2838 ut
