2054 3450
372 352 446 389 380
887 355 1016 391 VITAE
1042 357 1258 397 PATRUM.

370 439 556 485 intextis
586 439 717 502 junci
760 441 948 503 virgulis
984 441 1083 488 fieri
1116 443 1250 503 solet,
1285 460 1400 507 quas
1434 447 1574 509 vulgo
1608 459 1774 497 mattas

370 526 564 573 vocant3
598 515 693 563 hoc
723 534 1049 582 superponens
1082 519 1310 581 formulae,
1346 521 1441 569 boc
1473 524 1578 571 solo
1611 543 1773 591 super-

368 601 613 639 sternens:
641 593 733 640 hoc
758 605 857 642 erat
886 596 1219 660 quotidianum
1248 614 1510 658 scamnum,
1547 600 1642 648 hoc
1674 604 1773 650 cul·
1817 664 1819 666 q

365 669 498 727 citra,
532 669 627 716 hoc
658 671 899 735 plumella,
946 672 1038 719 hoc
1069 683 1166 720 erat
1196 675 1470 737 stragulum,
1501 676 1596 723 hoc
1621 680 1776 726 omnis

365 745 523 792 lectuli
564 748 876 808 necessitudo,
920 750 986 796 sic
1026 750 1204 798 docens
1242 752 1430 799 easdem
1474 753 1623 801 facere
1659 771 1775 819 quas

364 838 524 868 secum
547 823 724 869 ascivit.
762 824 926 887 Ibique
956 826 1003 872 in
1035 827 1121 873 Dei
1144 827 1364 875 laudibus
1390 828 1581 892 degens,
1612 830 1774 878 >multis

364 898 561 945 infirmis
592 901 805 946 oratione
843 902 959 949 facta
989 903 1207 951 salutaria
1239 905 1537 970 impertiebat
1571 907 1773 955 medica-

363 986 538 1022 menta.

427 1053 473 1098 3.
515 1052 681 1099 Mulier
702 1054 918 1118 quaedam
937 1054 1080 1102 filiam
1105 1072 1237 1103 suam
1264 1058 1477 1105 exhibuit
1503 1059 1774 1108 vulneribus

361 1128 580 1192 plenam,
620 1141 665 1176 et
702 1141 749 1176 ut
783 1131 977 1194 quidam
1011 1144 1202 1192 vocant,
1239 1145 1360 1199 potae
1393 1135 1492 1182 haec
1523 1152 1663 1184 causa
1696 1154 1773 1200 ge-

360 1216 543 1253 nuerat.
574 1209 704 1253 Tunc
735 1207 829 1268 illa,
861 1209 977 1255 sacta
1006 1210 1238 1268 oratione,
1265 1211 1457 1258 salivam
1481 1229 1536 1259 ex
1562 1229 1643 1260 ore
1668 1231 1772 1260 sus-

359 1282 555 1346 cipiens,
597 1284 792 1331 vulnera
817 1302 937 1332 saeva
970 1287 1204 1350 perunxit,
1238 1287 1541 1352 puellamque
1564 1289 1772 1336 reddidit

358 1373 540 1417 sanam,
583 1360 844 1424 opitulante
882 1362 981 1424 ejus
1015 1363 1186 1409 virtute
1221 1365 1303 1427 qui
1335 1365 1445 1411 caeci
1484 1366 1579 1411 nati
1608 1366 1772 1412 oculos

358 1444 499 1498 sputo
527 1436 760 1484 formavit.
794 1441 914 1484 Puer
942 1455 1055 1484 vero
1092 1439 1247 1486 incola
1277 1441 1370 1487 loci
1410 1440 1694 1488 maleficium
1722 1443 1769 1489 in

356 1511 552 1574 potione
576 1512 747 1570 hausit,
782 1513 841 1560 de
865 1532 963 1578 quo
995 1515 1308 1576 medificatus,
1342 1527 1394 1563 ut
1419 1527 1648 1576 asserunt,
1675 1535 1772 1566 ser-

356 1597 520 1651 pentes
552 1591 758 1650 generati
796 1592 842 1637 in
875 1592 1099 1639 intraneis
1136 1594 1267 1656 pueri
1298 1611 1520 1658 magnum
1554 1595 1770 1643 dolorem

356 1665 451 1711 suis
476 1666 712 1712 morsibus
733 1667 1015 1727 excitabant,
1043 1669 1106 1716 ita
1129 1670 1325 1716 utnulla
1347 1671 1619 1734 quiescendi
1636 1688 1771 1719 mora

358 1741 428 1786 vel
458 1742 503 1787 in
534 1743 776 1790 modicum
808 1756 1104 1793 momentum
1128 1746 1466 1809 indulgeretur.
1497 1747 1589 1795 Sed
1615 1765 1768 1813 neque

356 1816 515 1864 cibum
540 1829 618 1865 aut
643 1829 807 1884 potum
826 1837 992 1886 capere
1012 1832 1222 1887 poterat;
1242 1834 1287 1870 et
1306 1824 1341 1869 si
1364 1833 1471 1889 post
1491 1824 1574 1870 diu
1591 1825 1768 1889 aliquid

355 1895 643 1959 accipiebat,
692 1898 910 1961 protinus
959 1898 1212 1961 rejiciebat.
1279 1901 1372 1958 Qui
1425 1900 1659 1948 adductus
1706 1903 1766 1950 ad

354 1970 541 2019 beatam
567 1973 807 2034 feminam,
837 1976 970 2039 petiit
986 1992 1034 2022 se
1051 1977 1150 2039 ejus
1175 1978 1341 2024 virtute
1360 1977 1598 2025 mundari.
1627 1980 1768 2025 Cum—

354 2065 446 2110 que
485 2049 559 2095 illa
593 2050 865 2098 reclamaret
898 2052 1141 2114 indignam
1173 2070 1222 2099 se
1250 2070 1349 2099 esse
1378 2070 1482 2117 quae
1506 2054 1604 2100 haec
1629 2070 1767 2119 agere

353 2134 537 2187 posset,
577 2127 801 2190 implicita
845 2138 1035 2191 precatu
1072 2139 1344 2193 parentum,
1386 2139 1596 2176 ventrem
1633 2131 1764 2194 pueri

352 2201 512 2266 palpat
535 2213 580 2248 et
602 2205 759 2267 palma
779 2205 1038 2264 demulcet3
1066 2206 1305 2269 sensitque
1331 2206 1396 2253 ibi
1426 2208 1653 2270 anguium
1685 2224 1766 2254 ve-

352 2288 636 2326 nenatorum
674 2282 932 2344 nequitiam
955 2281 1152 2329 latitare.
1183 2285 1313 2329 Tunc
1334 2293 1528 2348 accepto
1553 2284 1766 2348 pampini

351 2355 512 2401 viridis
535 2356 668 2417 folio,
705 2359 847 2406 saliva
878 2359 1046 2416 linivit,
1078 2359 1272 2422 fixitque
1303 2378 1444 2425 super
1471 2378 1582 2407 eum
1614 2360 1765 2407 crucis

351 2430 495 2478 beatae
530 2434 843 2496 signaculum,
878 2436 1007 2499 quod
1035 2453 1218 2499 ponens
1240 2453 1380 2501 super
1410 2437 1569 2484 alvum
1594 2437 1764 2500 juven-

350 2509 465 2569 culi,
487 2510 653 2556 dolore
679 2512 921 2576 paululum
955 2513 1135 2574 sedato,
1159 2513 1450 2560 obdormivit
1473 2515 1519 2560 in
1545 2530 1758 2572 scamno,

350 2586 430 2648 qui
454 2586 569 2633 olim
586 2588 835 2635 doloribus
854 2590 1176 2637 insistentibus
1201 2601 1413 2653 caruerat
1437 2607 1623 2638 somno.
1651 2594 1764 2637 Post

349 2663 490 2710 unius
516 2681 628 2711 vero
657 2665 786 2713 horae
812 2678 1105 2714 momentum
1137 2684 1442 2730 consurgens,
1471 2668 1531 2714 ad
1554 2684 1763 2731 purgan-

349 2739 464 2785 ‹lum
488 2752 701 2788 ventrem
723 2759 950 2806 egressus,
980 2744 1210 2809 pestifera}
1235 2745 1546 2808 generationis
1570 2761 1758 2807 germen

348 2815 530 2878 effudit,
558 2821 821 2884 gratiasque
835 2821 1039 2867 referens
1059 2821 1235 2868 ancillae
1247 2821 1350 2881 Dei,
1364 2838 1504 2868 sanus
1520 2820 1755 2868 abscessit.
