2054 3450
394 358 414 392 4
747 353 821 389 DE
848 351 1035 389 GLORIA
1066 349 1435 405 CONFESSQRUM.

960 542 1116 577 CAPUT
1140 541 1222 577 LII.

825 655 877 688 De
896 653 1064 701 sepulcris
1080 665 1156 699 quae
1178 652 1371 688 elevantur.

456 779 553 825 Sub
587 779 791 826 termino
835 795 1027 842 quoque
1060 778 1148 825 vici
1182 778 1399 824 Juliensis
1428 785 1539 824 suut
1570 785 1663 823 tres
1691 792 1798 840 pre-

392 855 566 919 sbyteri
588 855 870 919 consepulti,
900 865 950 901 ut.
973 854 1118 901 fertur
1141 871 1224 919 per
1243 855 1483 918 antiquam
1502 851 1796 918 relationem,

394 931 565 977 nullius
582 932 1001 994 consanguinitatis
1024 930 1487 996 propinqui-vinculo
1509 930 1601 977 nisi
1615 938 1798 993 tantum

394 1008 441 1053 in
467 1025 629 1055 amore
665 1008 751 1054 Dei
774 1008 912 1066 socii,
939 1025 965 1054 e
988 1008 1109 1055 coelo
1147 1008 1308 1055 fratres
1335 1007 1510 1064 effecti,
1550 1006 1632 1071 qui
1661 1006 1800 1052 unius

392 1085 481 1131 loci
508 1086 728 1149 spatium,
754 1084 980 1148 sepulcris
997 1085 1131 1148 juxta
1155 1085 1335 1149 positis,
1362 1083 1629 1131 assiduitate
1655 1082 1797 1128 mira-

391 1161 606 1207 culorum
627 1161 877 1207 illustrant.
903 1162 993 1218 Qui
1022 1178 1131 1207 cum
1154 1161 1410 1207 multorum
1444 1175 1681 1207 annorum
1697 1174 1801 1204 cur-

392 1238 535 1284 ricula
558 1239 603 1283 in
628 1238 701 1284 his
730 1237 809 1283 ubi
835 1238 1004 1302 sepulti
1023 1247 1133 1284 sunt
1155 1237 1320 1284 loculis
1346 1237 1658 1301 quiescerent,
1684 1235 1792 1281 scis-

390 1332 495 1361 sum
516 1331 667 1379 nuper
690 1315 1031 1378 pavimentum,
1052 1313 1185 1377 quod
1204 1314 1330 1361 calce
1349 1323 1489 1377 atque
1507 1310 1797 1359 comminuta

395 1400 509 1438 testa
539 1391 672 1457 quasti
697 1391 811 1437 silex
829 1391 1080 1437 durissima
1107 1390 1261 1437 susum
1283 1398 1399 1450 erat,
1423 1390 1566 1437 unius
1596 1387 1798 1453 sepulcri

391 1484 618 1515 cacumen
642 1468 880 1531 apparuit.
898 1470 1008 1524 Quo
1027 1467 1272 1532 paululum
1290 1468 1491 1525 elevato,
1510 1466 1649 1513 tellus
1659 1465 1798 1512 scissa

390 1546 572 1608 apicem
611 1544 800 1589 alterius
838 1544 1073 1607 patefecit.
1109 1543 1288 1607 Illoque
1321 1543 1570 1604 emicante,
1613 1551 1799 1588 secutus

391 1628 459 1680 est
482 1620 645 1666 tertius
667 1618 894 1675 tumulus,
920 1620 1003 1682 qui
1021 1636 1148 1666 nunc
1163 1620 1303 1683 juxta
1316 1619 1501 1665 initium
1521 1618 1800 1665 ostensionis

388 1682 483 1744 su‘ae
506 1695 735 1759 gradatim
762 1697 1007 1743 elevantur
1027 1713 1169 1761 super
1192 1699 1404 1743 terram¹.
1438 1695 1526 1743 Sed
1559 1711 1687 1742 nunc
1702 1695 1799 1758 jam

391 1776 568 1839 primus
589 1773 704 1820 liber
728 1789 754 1820 a
779 1772 906 1820 mole
939 1784 1140 1834 terrena,
1174 1773 1373 1820 liberum
1406 1789 1456 1819 se
1478 1772 1655 1819 visibus
1685 1787 1800 1836 prae-

387 1860 477 1898 stat
498 1849 737 1910 humauis3
763 1849 863 1895 duo
884 1849 1043 1896 adhuc
1055 1859 1335 1912 sequuntur,
1353 1849 1436 1896 sed
1452 1849 1588 1896 annis
1606 1847 1800 1911 singulis

391 1926 645 1991 p‘roficiunt
663 1925 724 1972 ad
750 1928 1072 1988 egressum.'O
1096 1925 1374 1973 admirabile
1392 1925 1666 1989 mysterium
1691 1924 1798 1971 Dei-

319 2045 323 2049 .
391 2000 518 2050 tatis!
547 2001 676 2065 quod
701 2011 890 2048 artuum
924 2002 1217 2066 sepultorum
1254 2003 1507 2066 puritatem
1539 2001 1798 2048 manifestat

350 2079 578 2137 §saeculQ
613 2078 731 2124 dum
762 2077 922 2142 prodit
949 2095 987 2124 e,
1009 2079 1284 2142 pavimento
1306 2088 1353 2125 et
1377 2069 1610 2143 praeparat
1640 2077 1701 2124 ad
1734 2094 1802 2123 re·
1907 2052 2053 2191 Ni

391 2159 748 2214 surrectionem,
782 2174 881 2205 non
918 2160 1066 2205 vermi
1091 2177 1190 2206 non
1226 2160 1459 2208 morituro
1490 2159 1692 2220 dandos,
1717 2159 1799 2206 sed

391 2223 489 2293 luci
524 2225 875 2302 solis-claritati
916 2237 1192 2300 aequandos,
1228 2253 1284 2285 ac
1319 2237 1547 2285 dominici
1588 2237 1802 2302 corporis
2025 2178 2051 2289 ἦ

393 2312 769 2375 conformatione
788 2311 1131 2361 clarificandos.
1148 2316 1268 2361 Sunt
1287 2323 1447 2361 autem
1469 2313 1569 2360 haec
1587 2312 1800 2378 sepulcra
2001 2319 2004 2321 ’

467 2449 477 2477 Ξ(

415 2513 496 2559 ;(1)
528 2509 770 2548 Canonizatio
788 2508 879 2547 olim
902 2522 971 2561 per
993 2511 1247 2551 elevationem
1266 2511 1439 2564 corporis
1460 2509 1630 2549 defuncti
1650 2516 1803 2553 &terra

364 2604 370 2612 .
393 2572 518 2619 fiebat,
537 2586 651 2624 super
664 2570 767 2623 quod
783 2571 902 2610 altare'
915 2573 1146 2625 erigebatur.
1163 2574 1276 2612 Unde
1289 2587 1471 2626 magnum
1484 2571 1690 2611 sanctitatis
1701 2571 1802 2610 indi-

390 2635 490 2673 cium
508 2644 604 2683 erat,
624 2634 654 2672 si
672 2634 859 2672 miraculo
876 2635 1040 2688 alicujus
1054 2637 1276 2690 sepulcrum
1289 2627 1433 2706 ate-rr*
1441 2634 1584 2686 absque
1600 2631 1800 2672 hominum

392 2689 847 2750 uiinisterio-elevabatur.
868 2697 980 2753 Quod
993 2704 1123 2738 sancto
1138 2702 1357 2737 Droctoveo
1374 2708 1500 2757 primp
1517 2700 1557 2737 S.
1578 2695 1761 2735 Germani
1777 2709 1801 2736 a

390 2757 511 2795 Pratis
530 2758 658 2796 abbati
677 2756 848 2808 contigit,
862 2757 918 2796 'ex
941 2760 1023 2808 ejus
1042 2759 1137 2807 vita,
1159 2772 1268 2797 num.
1291 2754 1357 2806 ⁴18,
1375 2771 1460 2796 saec.
1488 2772 1503 2795 1
1523 2759 1608 2796 Act.
1630 2750 1800 2799 sanctor}

392 2820 476 2860 ord.
500 2822 546 2858 S.
568 2814 814 2875 Be‘ned.(1z.)
1387 2814 1412 2839 ²
1571 2798 1598 2880 ,ο
1637 2862 1641 2866 ,
1667 2822 1684 2842 ’
1704 2809 1753 2857 θ’
