2054 3450
479 322 526 358 44
841 320 907 355 DE
934 319 1119 356 GLORIA
1147 320 1271 356 CONF
1277 321 1497 357 ESSORUM

477 409 546 454 vis
571 408 646 453 nix
671 406 953 463 defluxisset,
974 423 1218 469 uunquam
1240 417 1396 453 tamen
1420 424 1625 453 marmor
1646 406 1775 470 quod
1796 423 1875 452 su-

477 501 560 549 per
585 493 682 530 erat
721 483 923 547 positum
948 482 1276 538 humectabat3
1302 492 1343 528 et
1372 500 1480 528 cum
1507 483 1613 529 loca
1641 483 1716 529 illa
1745 482 1876 528 nimii

478 560 660 623 frigoris
680 559 786 623 gelu
808 559 1024 621 ligentur,
1047 569 1091 604 et
1113 559 1188 604 nix
1211 575 1356 621 usque
1376 559 1420 603 in
1447 558 1584 604 trium
1606 569 1652 604 et
1674 568 1879 622 quatuor

479 636 653 701 pedum
686 625 1039 683 crassitudinem
1063 645 1233 682 terram
1266 635 1463 698 operiat,
1496 636 1731 681 tumulum
1765 635 1877 681 ulla-

477 724 612 760 tenus
639 729 735 758 non
758 712 958 775 attingit.
981 715 1127 759 Datur
1147 713 1270 758 enim
1302 713 1490 774 intelligi
1516 729 1678 758 verum
1702 712 1877 759 Israeli-

476 801 572 836 tam
605 789 732 835 hunc
756 806 870 835 esse.
898 792 1015 836 Nam
1039 789 1127 836 illis
1161 790 1281 836 inter
1305 806 1464 835 muros
1490 805 1717 852 aquarum
1743 805 1874 853 aquae

478 883 573 913 non
594 876 705 913 sunt
723 867 961 930 perniciei,
988 866 1070 912 sed
1095 867 1256 923 saluti3
1293 876 1337 912 ct
1360 867 1482 912 circa
1507 866 1645 928 hujus
1666 865 1779 928 justi
1803 875 1875 912 tu«

479 945 658 990 mulum
683 943 760 989 nix
785 942 1024 1003 decidens,
1058 960 1153 988 non
1178 943 1391 989 humoris
1414 959 1551 989 causa
1575 953 1659 1001 est,
1686 942 1766 988 scd
1793 942 1882 987 ho-

478 1019 623 1065 noris.
661 1018 920 1080 Videasque
956 1020 1002 1065 in
1039 1020 1236 1065 circuitu
1279 1029 1460 1065 montes
1500 1019 1660 1065 niveos
1691 1018 1877 1078 elevari,

481 1113 566 1142 uec
606 1106 759 1142 tamen
793 1096 1019 1158 attingere
1060 1097 1312 1142 terminum
1353 1097 1670 1152 monumenti3
1706 1105 1750 1142 et
1785 1112 1880 1141 non

415 1211 422 1215 .
482 1172 705 1219 miramur
727 1173 761 1218 si
788 1182 908 1219 terra
933 1173 1172 1236 operiatur
1190 1174 1315 1231 nive,
1341 1173 1423 1235 sed
1443 1172 1733 1219 admiramur
1752 1172 1881 1235 quod

479 1249 702 1311 attingere
727 1265 836 1295 ausa
861 1266 955 1295 non
977 1259 1044 1295 est
1070 1249 1223 1295 locum
1257 1249 1378 1295 beati
1402 1250 1618 1313 sepulcri.
1649 1252 1766 1295 Nam
1785 1249 1883 1313 ple·

481 1342 681 1389 rumque
702 1315 893 1372 devotio
926 1326 1228 1389 studiumque
1256 1325 1462 1372 fidelium
1489 1327 1747 1372 oratorium
1772 1341 1883 1371 cou-

479 1402 721 1449 struebant
742 1402 801 1448 de
826 1403 992 1448 tabulis
1016 1403 1176 1466 ligneis
1199 1403 1501 1466 levigatisque
1530 1420 1538 1448 :
1570 1402 1650 1448 sed
1670 1403 1886 1466 protinus

479 1490 559 1526 aut
576 1479 878 1544 rapiebantur
903 1495 930 1525 a
954 1490 1112 1534 vento,
1134 1489 1214 1525 aut
1235 1489 1403 1543 sponte
1421 1478 1639 1526 ruebant.
1669 1482 1723 1525 Et
1742 1478 1885 1525 credo

481 1556 657 1602 idcirco
682 1556 764 1602 ista
790 1555 906 1613 fieri,
933 1555 1086 1602 donec
1107 1556 1304 1613 veniret,
1326 1556 1403 1618 qui
1425 1555 1614 1619 dignam
1636 1555 1886 1603 aedificaret

483 1633 705 1679 fabricam
741 1633 787 1678 in
829 1632 1061 1678 honorem
1095 1633 1309 1679 antistitis
1348 1633 1555 1693 gloriosi.
1599 1633 1884 1679 Procedente

481 1726 592 1756 vero
615 1719 828 1774 tempore
847 1709 1103 1756 adveniens
1125 1710 1172 1755 in
1200 1709 1323 1756 hanc
1344 1709 1508 1756 urbem
1534 1709 1772 1756 Monulfus
1796 1709 1889 1774 epi-

481 1803 670 1850 scopus,
689 1787 915 1849 templum
938 1802 1157 1849 magnum
1174 1787 1219 1832 iu
1239 1787 1335 1847 ejus
1356 1786 1588 1833 honorem
1608 1787 1884 1844 construxit,

482 1864 747 1926 composuit
776 1863 1054 1925 ornavitque
1078 1864 1123 1908 in
1146 1863 1291 1925 quod,
1322 1863 1470 1909 multo
1496 1863 1651 1909 studio
1675 1873 1715 1908 et
1744 1880 1882 1909 vene-

485 1939 663 1984 ratione
698 1939 997 1997 translatum‚
1041 1956 1214 2003 corpus
1253 1940 1431 2001 maguis
1471 1956 1596 1985 nunc
1635 1939 1884 1986 virtutibus

485 2014 645 2078 pollet.

1013 2109 1166 2142 CAPUT
1192 2109 1362 2142 LXXlll.

792 2201 840 2233 De
860 2200 1078 2233 coemeterio¹
1100 2201 1449 2246 Augustodunensis²
1469 2201 1578 2236 urbis.

549 2314 880 2360 Coemeterium
898 2314 1023 2378 apud
1043 2314 1513 2377 Augustoduneusem
1537 2313 1700 2360 urbem
1714 2314 1888 2360 Gallica

482 2389 645 2450 lingua
668 2391 904 2447 vocitavit,
934 2408 990 2437 eo
1015 2392 1143 2453 quod
1167 2391 1231 2437 ibi
1258 2391 1430 2438 Fuerint
1452 2391 1706 2437 multorum
1734 2390 1891 2436 homi-

488 2483 600 2512 num
618 2467 867 2514 cadavera³
887 2468 1094 2514 funerata
1115 2485 1125 2513 ε
1143 2467 1264 2514 inter
1287 2484 1391 2531 quae
1411 2469 1540 2531 qnod
1560 2468 1650 2513 sint
1667 2483 1887 2530 quorum-

538 2618 596 2671 (1)
626 2623 684 2656 De
702 2622 881 2657 cimiterio
896 2624 1105 2671 Atcgtcstud.
1126 2631 1163 2658 et
1177 2624 1223 2658 de
1244 2621 1403 2659 basilica
1420 2625 1541 2658 sancti
1558 2623 1754 2671 Stephani,
1774 2622 1868 2660 2791
1883 2653 1890 2660 .

539 2677 594 2727 (2)
624 2681 934 2728 Αςιωτῐᾶιιηυήεἰς
954 2682 1073 2726 2204,
1095 2690 1129 2718 et
1150 2681 1247 2718 infra
1266 2696 1274 2718 :
1298 2681 1639 2729 Aguslidunensim‚
1662 2682 1892 2730 Augustidu-

485 2749 644 2784 nenoem,
667 2738 786 2782 2204,
804 2739 930 2785 2205;
955 2742 1288 2788 Augustunensem,
1312 2741 1406 2775 2791
1425 2754 1435 2784 ;
1459 2740 1757 2788 Agustudemsz'm
1773 2738 1892 2776 Cl.-F.

539 2795 596 2847 (3)
616 2799 661 2833 Et
678 2797 800 2847 reipsa
813 2798 1070 2835 coemeterium
1088 2798 1183 2835 illud
1198 2797 1412 2850 Augustod.
1427 2797 1654 2847 πολυάνδριον
1671 2796 1893 2835 vocabatur.
