2054 3450
420 342 496 379 100
784 342 850 377 DE
879 340 1064 378 GLORIA
1092 341 1460 382 CONFESSORUM.

416 432 679 490 Ingenuum
697 429 708 451 ¹
738 427 1031 484 nominabat,
1065 444 1274 475 asserens
1302 446 1413 476 eum
1441 430 1564 477 intra
1595 432 1820 493 Augusto·

417 505 706 551 dunensem’
736 507 992 551 terminum
1014 515 1364 552 commoratum
1395 506 1557 566 fuisse,
1584 516 1631 553 et
1653 506 1820 569 saepius

418 582 464 627 in
495 581 588 628 hoc
625 582 815 629 vasculo
844 582 916 628 vel
952 582 1056 630 olus
1085 582 1157 629 vel
1190 582 1454 629 crumelum
1485 593 1674 630 coctum
1708 600 1818 630 cum
1878 635 1880 637 ,

414 658 494 704 illo
536 659 804 722 sumpsisse.
847 658 1170 706 Confirmabat
1207 669 1365 706 autem
1404 676 1513 706 cum
1549 660 1818 723 juramento

415 734 583 781 vidisse
605 752 654 782 se
674 734 928 800 caldariam
949 735 1149 783 flammis
1172 737 1515 801 superpositam
1537 736 1817 784 validissime

414 811 607 871 fervere,
646 822 691 858 et
718 813 782 860 ita
814 829 999 876 semper
1033 813 1231 859 fundum
1263 813 1363 876 ejus
1396 812 1649 860 humidum
1679 814 1819 861 exsti-

413 889 539 948 tisse,
565 899 614 935 ut
637 899 880 954 putaretur
898 889 1068 953 jugiter
1090 889 1150 936 ab
1172 890 1331 953 aliquo
1354 890 1633 937 humectari.

958 1034 1113 1070 CAPUT
1137 1034 1267 1068 XCIX.

784 1125 832 1157 Dc
855 1123 960 1157 Avito
980 1123 1176 1157 confessore
1195 1122 1447 1159 Aurelianensi.

477 1232 635 1278 Avitus
655 1231 801 1278 abbas
820 1232 1073 1278 Carnoteni
1100 1232 1224 1296 pagi,
1250 1247 1393 1295 quem
1422 1231 1708 1276 Pertensem⁸
1729 1246 1814 1276 vo-

410 1318 546 1365 cant,
591 1309 756 1372 saepius
799 1309 1045 1355 imminere
1084 1308 1444 1355 dissolutionem
1489 1307 1562 1352 sui
1602 1308 1815 1370 corporis

408 1385 579 1447 Spiritu
601 1394 763 1442 sancto
787 1385 1022 1431 revelante
1041 1384 1269 1448 praedixit.
1295 1384 1385 1441 Qui
1407 1383 1629 1430 recedens
1650 1399 1676 1429 a
1704 1399 1812 1429 cor-

410 1474 544 1520 pore.
562 1457 823 1504 honorifice
843 1459 966 1522 apud
994 1458 1393 1505 Aurelianenseui‘
1412 1457 1577 1504 urbem
1596 1457 1815 1503 humatus

408 1543 476 1578 est
514 1551 523 1578 :
562 1550 701 1597 super
742 1549 884 1597 quem
920 1533 1081 1580 fideles
1125 1534 1375 1580 Christiani
1418 1533 1659 1580 ecclesiam
1697 1550 1811 1579 con-

407 1619 691 1656 struxerunt.
723 1613 828 1656 Post
847 1611 979 1673 cujus
1005 1610 1208 1668 obitum,
1238 1627 1346 1656 cum
1377 1610 1718 1656 anniversarius
1739 1627 1812 1656 as-

405 1687 687 1752 sumptionis
720 1687 820 1749 ejus
851 1687 951 1733 dies
980 1703 1091 1733 cum
1125 1704 1312 1733 summo
1344 1686 1576 1733 coleretur
1608 1686 1808 1736 honore.

407 1780 527 1809 unus
550 1780 576 1810 e
598 1764 795 1824 civibus,
823 1764 923 1810 aliis
943 1763 1003 1810 ad
1027 1765 1274 1811 missarum
1303 1763 1559 1828 spectanda
1586 1764 1811 1810 solemnia

404 1840 643 1898 euntibus,
681 1850 876 1905 accepto
911 1851 1080 1898 rastro,
1117 1841 1305 1887 vineam
1342 1841 1576 1904 pastinare
1611 1840 1806 1887 direxit:

403 1915 824 1980 increpatusque'a
861 1917 1036 1976 multis,
1076 1933 1161 1963 cur
1197 1917 1308 1963 huic
1345 1917 1576 1963 festivitati
1608 1916 1806 1971 deesset,

402 1992 557 2038 redire
581 1992 749 2052 noluit,
772 1993 933 2039 dicens
958 2011 967 2038 :
994 2013 1016 2035 <c
1042 1996 1095 2038 Et
1119 1993 1197 2040 hic
1218 2009 1361 2056 quem
1389 1993 1541 2038 colitis
1567 1993 1809 2056 operarius

403 2067 505 2113 fuit.
534 2088 554 2110 n
578 2071 753 2114 Verum
772 2068 853 2115 ubi
880 2070 1113 2132 ingressus
1136 2069 1323 2115 vineam
1343 2069 1497 2133 primo
1522 2069 1618 2115 ictu
1636 2079 1806 2115 terram

400 2145 600 2207 aperuit,
634 2145 867 2208 protinus,
902 2155 1074 2191 retorta
1104 2145 1303 2202 cervice,
1334 2144 1472 2192 facies
1501 2144 1600 2207 ejus
1629 2143 1691 2191 ad
1714 2154 1807 2191 ter-

403 2237 513 2282 gum
546 2237 773 2268 conversa
798 2231 878 2267 est.
908 2224 1037 2267 Tunc
1061 2231 1283 2279 tremens,
1316 2220 1634 2286 spectantibus
1655 2237 1807 2285 popu-

401 2296 473 2356 iis,
497 2313 603 2343 cum
629 2297 741 2344 fletu
767 2313 940 2360 magno
959 2297 1200 2344 basilicam
1225 2297 1371 2344 sancti
1390 2297 1667 2359 ingreditur.
1698 2299 1809 2343 Post

401 2390 576 2437 paucos
610 2391 725 2420 vero
756 2374 872 2433 dies,
909 2391 1050 2422 orans
1074 2375 1122 2420 in
1154 2374 1323 2421 eodem
1358 2375 1465 2421 loco
1500 2373 1700 2433 assidue,
1737 2373 1806 2420 di-

401 2461 526 2498 recta
548 2452 748 2512 cervice,
776 2451 1031 2499 convaluit.

452 2579 505 2631 (1)
534 2579 641 2620 Colb.
663 2594 701 2628 a,
726 2584 936 2631 Ingenium.
959 2579 1042 2632 (R.)

454 2638 511 2691 (2)
542 2643 883 2689 Agustz'dunensim,
904 2642 1029 2689 22043
1047 2641 1395 2691 Agustidunensem,
1421 2640 1546 2687 22053
1565 2641 1804 2690 Augustudu-

396 2711 558 2745 nensem,
583 2701 701 2739 2791.
1710 2707 1714 2709 ’

451 2756 508 2808 (3)
537 2760 761 2804 Pet-tensim,
784 2761 903 2807 mot,
926 2760 1044 2798 2791.

453 2814 510 2866 (4)
542 2818 644 2854 2204
664 2819 982 2854 Aurelianensim.

2033 2598 2047 2667 ἓ
