2054 3450
354 376 429 411 168
722 377 733 385 ⁹
765 411 768 413 ‚
869 370 998 406 VITAE
1025 369 1243 407 PATRUM.

352 473 610 512 caecorum,
642 455 844 503 aliorum
876 471 1070 518 quoque
1097 453 1377 502 morborum
1407 456 1763 520 potentissimus

354 533 629 580 medicator.
674 534 816 597 Igitur
848 548 959 579 cum
1001 531 1219 578 festivitas
1248 532 1524 595 supradictae
1559 533 1763 580 basilicae

352 610 634 666 advenisset,
671 610 973 675 praepositum
993 618 1151 667 vocat,
1177 618 1229 654 ut
1253 624 1361 655 vasa
1385 608 1496 655 vino
1529 609 1671 673 plena
1703 610 1765 657 ad

353 686 666 734 reficiendum
689 686 922 751 populum
948 685 1029 749 qui
1054 683 1338 731 solemnitati
1365 683 1544 745 aderat,
1570 686 1620 732 in
1644 687 1764 733 atrio

354 781 410 810 ex
451 780 582 811 more
626 772 953 839 componeret.
998 763 1229 808 Causatur
1264 760 1529 808 monachus
1566 761 1759 809 dicens.

360 859 382 882 «
395 842 514 887 Ecce
529 841 806 905 episcopum
822 856 933 886 cum
947 839 1067 885 duce
1081 847 1126 885 et
1140 837 1344 884 civibus
1334 838 1583 885 lnvitatum
1595 837 1762 898 habes,

354 926 402 963 et
423 917 501 963 vix
524 917 664 963 nobis
686 926 940 981 supersunt
971 924 1173 979 quatuor
1205 914 1303 960 vini
1336 914 1604 979 amphorae3
1638 914 1766 962 unde

356 994 519 1040 omnia
539 995 627 1041 ista
645 992 941 1058 complebis?
957 1013 978 1036 »
995 994 1052 1038 Et
1070 991 1172 1038 ille:
1195 992 1415 1054 «Aperite
1439 991 1574 1053 mihi,
1591 991 1764 1055 inquit,

356 1087 584 1135 penum.»
596 1073 705 1128 Quo
720 1080 902 1134 aperto,
919 1070 1153 1134 ingressus
1170 1078 1239 1115 est
1257 1086 1267 1115 :
1287 1079 1333 1116 et
1348 1068 1468 1116 dans
1483 1070 1767 1130 orationem,

357 1146 491 1209 quasi
511 1163 664 1192 novus
689 1146 829 1204 Elias,
856 1145 1047 1192 elevatis
1068 1144 1130 1191 ad
1152 1143 1325 1191 coelum
1347 1144 1583 1204 manibus,
1599 1145 1772 1192 infusis

358 1221 471 1268 fletu
490 1221 768 1281 luminibus,
793 1222 857 1268 ait
877 1240 888 1269 ε
915 1225 1017 1268 «Ne
1038 1221 1241 1281 deficiat,
1269 1238 1447 1285 quaeso,
1465 1222 1690 1282 Domine,
1711 1221 1772 1269 de

357 1299 451 1346 hoc
469 1300 663 1347 vasculo
676 1300 859 1357 vinum,
878 1299 1032 1346 donec
1050 1300 1232 1346 cunctis
1251 1299 1540 1345 ministretur
1555 1299 1604 1345 in
1618 1298 1771 1346 abun-

358 1375 538 1423 dantia.
562 1396 584 1419 »
612 1379 670 1423 Et
696 1377 902 1422 irruente
933 1376 982 1422 in
1007 1392 1056 1422 se
1084 1376 1261 1440 Spiritu
1283 1385 1465 1436 sancto,
1489 1375 1554 1422 ait
1577 1393 1588 1420 ε
1619 1396 1641 1418 α
1663 1378 1771 1422 Haec

358 1452 474 1499 dicit
494 1453 727 1500 Dominus
751 1471 760 1499 :
786 1455 891 1499 Non
915 1451 1102 1499 deficiet
1121 1452 1286 1498 vinum
1310 1451 1370 1498 de
1393 1467 1527 1512 vase,
1562 1451 1645 1498 sed
1668 1467 1772 1498 om-

358 1528 499 1575 nibus
523 1529 790 1593 petentibus
811 1529 989 1576 affatim
1012 1528 1263 1588 tribuetur,
1289 1538 1335 1575 et
1351 1528 1664 1575 abundabit.»
1680 1532 1772 1576 Ve-

359 1615 627 1652 rumtamen
663 1606 724 1652 ad
758 1605 956 1652 verbum
996 1615 1041 1651 et
1085 1604 1371 1652 hilaritatem
1409 1604 1773 1670 dispensationis

359 1680 483 1727 illius
511 1691 687 1728 cuncto
715 1681 898 1746 populo
927 1682 975 1728 in
1008 1680 1302 1728 abundantia
1330 1682 1649 1729 ministratum
1676 1691 1768 1743 est,

358 1769 406 1806 et
423 1759 668 1823 superfuit.
695 1759 788 1807 Sed
811 1759 922 1823 quia
943 1759 1194 1805 strenuitas
1218 1759 1454 1824 proepositi
1476 1759 1607 1823 prius
1631 1776 1775 1806 men-

359 1845 602 1883 suraverat
637 1836 879 1883 vasculum
920 1836 1405 1900 quinquagenarium,
1450 1845 1497 1883 et
1535 1846 1772 1900 repererat

359 1922 564 1976 quatuor
586 1913 854 1977 palmorum
881 1928 1174 1972 mensuram,
1201 1929 1400 1959 cernens
1422 1928 1527 1976 quae
1548 1921 1649 1960 acta
1670 1913 1775 1960 fue-

360 1999 488 2047 rant,
519 1990 567 2035 in
592 1989 796 2036 crastino
831 1989 1000 2035 iterum
1034 2005 1337 2048 mensurans,
1379 1998 1565 2035 tantum
1600 1990 1775 2053 reperit

360 2064 410 2111 in
445 2081 579 2123 vase,
610 2075 844 2129 quantum
880 2065 929 2111 in
963 2081 1021 2111 eo
1056 2064 1351 2129 praecedente
1383 2065 1640 2128 reliquerat
1673 2063 1769 2112 die.

363 2144 427 2187 Ex
453 2140 547 2188 hoc
578 2141 726 2188 sancti
749 2141 896 2187 virtus
924 2141 970 2187 in
999 2141 1187 2206 populis
1210 2140 1448 2188 declarata
1478 2149 1572 2199 est,
1600 2141 1648 2187 in
1677 2157 1774 2205 quo

362 2218 650 2264 monasterio
674 2217 843 2283 plenus
868 2218 1053 2264 dierum
1082 2218 1226 2277 obiit,
1259 2217 1420 2281 ibique
1453 2234 1563 2264 cum
1587 2218 1775 2267 honore

361 2294 570 2358 sepultus
599 2304 686 2341 est.
721 2297 834 2341 Erat
855 2295 984 2341 enim
1007 2310 1065 2341 eo
1092 2305 1307 2358 tempore
1336 2304 1526 2340 sanctus
1555 2293 1775 2342 Sidonius

361 2371 628 2435 episcopus,
651 2379 697 2416 et
710 2371 948 2417 Victorius
963 2370 1077 2428 dux,
1099 2370 1181 2432 qui
1199 2386 1340 2434 super
1362 2379 1544 2434 septem
1564 2370 1776 2418 civitates

362 2447 697 2512 principatum,
724 2447 926 2493 Eoricho
949 2446 1220 2493 Gothorum
1238 2462 1346 2509 rege
1362 2446 1654 2510 indulgente,
1673 2464 1774 2494 sus-

361 2533 566 2587 ceperat.
602 2524 752 2587 Hujus
785 2540 898 2570 vero
932 2524 1084 2571 sancti
1108 2523 1403 2588 epitaphium
1436 2523 1602 2570 beatus
1631 2522 1770 2570 Sido-

361 2600 468 2646 nius
497 2600 705 2664 scripsit,
736 2600 783 2646 in
817 2617 915 2664 quo
949 2600 1107 2664 aliqua
1130 2600 1190 2646 de
1217 2600 1290 2646 his
1319 2617 1423 2663 quae
1451 2599 1638 2646 locutus
1667 2615 1773 2645 sum

363 2686 432 2722 est
455 2676 689 2739 praefatus.
717 2677 787 2722 Ad
813 2677 956 2742 hujus
982 2677 1110 2724 enim
1136 2676 1263 2723 beati
1289 2676 1484 2723 Abrahae
1504 2676 1774 2740 sepulcrum

360 2751 643 2815 plerumque
679 2752 919 2815 frigoritici
955 2752 1246 2800 decubantes
1282 2751 1539 2799 medecinae
1576 2751 1776 2837 coelestis

361 2827 578 2891 praesidio
601 2828 928 2876 sublevantur.
