2054 3450
390 388 438 423 62
749 389 815 424 DE
843 387 1029 425 GLORIA
1057 387 1426 426 CONFESSORUM.

926 550 1083 585 CAPUT
1107 550 1255 586 LXXX.

712 651 766 684 De
782 658 903 685 sancto
920 650 1051 685 Ursino
1068 650 1262 697 Biturigum
1282 651 1460 698 episcopo.

451 771 671 834 Bituriga¹
696 789 807 819 vero
831 772 943 819 urbs
976 773 1179 836 primum
1206 789 1232 819 a
1259 782 1422 818 sancto
1439 772 1627 830 Ursino,
1655 773 1736 836 qui
1762 789 1790 820 a

384 846 623 912 discipulis
644 849 967 913 apostolorum
999 849 1250 913 episcopus
1276 849 1520 895 ordinatus
1547 850 1595 895 in
1619 849 1791 896 Gallias

382 923 640 972 destinatus
673 936 770 984 est,
805 924 1003 972 verbum
1038 925 1198 972 salutis
1227 927 1432 990 accepit,
1471 935 1610 990 atque
1645 925 1789 973 eccle·

381 1002 497 1047 siam
525 1002 880 1065 Biturigensem’
899 1003 1104 1067 primum
1127 1003 1325 1049 instituit
1346 1003 1571 1067 rexitque,
1597 1003 1679 1067 qui
1704 1004 1788 1050 mi-

322 1116 325 1123 ,
382 1094 519 1140 grans
535 1094 563 1125 a
587 1078 773 1138 saeculo,
794 1079 841 1125 in
867 1096 1036 1144 campo
1060 1080 1180 1126 inter
1204 1079 1381 1143 reliqua
1405 1080 1618 1145 sepulcra
1642 1097 1791 1145 popu·
1814 1136 1821 1140 s

382 1155 536 1200 lorum
554 1155 800 1219 sepulturae
823 1155 1004 1203 locatus
1027 1168 1112 1202 est.
1135 1159 1238 1202 Non
1263 1157 1387 1203 enim
1411 1157 1568 1204 adhuc
1586 1158 1789 1221 populus

381 1231 457 1277 ille
491 1231 779 1295 intelligebat
813 1232 1078 1279 sacerdotes
1113 1233 1305 1279 Domini
1343 1234 1588 1293 venerari,
1629 1234 1788 1296 eisque

381 1308 687 1354 reverentiam
718 1308 926 1355 debitam
959 1307 1198 1356 exhibere.
1232 1309 1369 1356 Unde
1406 1310 1579 1357 factum
1609 1319 1677 1355 est
1710 1319 1785 1369 ut,

379 1385 668 1433 increscente
707 1397 855 1446 terra,
893 1386 1104 1452 plantata
1145 1385 1348 1451 desuper
1380 1387 1547 1445 vinea,
1594 1403 1785 1433 omnem

380 1463 657 1510 memoriam
687 1463 747 1510 de
779 1465 934 1528 primo
969 1462 1099 1510 urbis
1128 1463 1372 1511 sacerdote
1403 1463 1705 1524 convelleret,
1740 1473 1787 1511 et
1827 1478 1830 1483 ·

379 1556 526 1603 usque
549 1540 610 1587 ad
633 1550 818 1605 tempus
842 1540 959 1587 illud
980 1557 1077 1604 quo
1101 1538 1364 1587 Probianus
1386 1541 1634 1605 episcopus
1658 1540 1787 1588 urbis

377 1616 477 1679 ejus
508 1626 579 1663 est
610 1616 921 1680 subrogatus,
954 1615 1112 1663 nullus
1142 1616 1203 1663 de
1234 1632 1292 1664 eo
1327 1633 1482 1664 sermo
1511 1616 1780 1664 haberetur.

378 1692 481 1738 Fuit
502 1702 659 1739 autem
682 1693 897 1757 quidam,
926 1694 1177 1755 Augustus⁸
1200 1693 1412 1753 nomine,
1442 1692 1501 1739 de
1527 1692 1673 1739 domo
1693 1696 1786 1740 De-

376 1768 589 1816 siderati⁴
610 1770 853 1834 quondam
880 1769 1106 1835 episcopi,
1131 1770 1265 1833 cujus
1288 1786 1457 1816 manus
1479 1786 1533 1816 ac
1555 1770 1700 1834 pedes
1722 1771 1786 1818 ita

375 1855 724 1906 contraxerant,
753 1857 804 1894 ut
824 1863 921 1894 non
946 1846 1077 1894 aliter
1099 1846 1187 1893 nisi
1209 1845 1268 1892 de
1293 1846 1517 1909 geniculis
1538 1856 1679 1909 atque
1701 1864 1783 1894 cu-

375 1921 483 1968 bitis
511 1932 866 1984 sustentaretur,
898 1923 936 1969 si
970 1921 1140 1969 alicubi
1169 1938 1474 1986 processurus
1499 1922 1634 1969 vellet
1657 1923 1783 1970 ince-

376 1997 503 2044 dere.
535 2001 603 2057 ls,
638 1999 894 2063 inspirante
918 2001 1045 2056 Deo,
1072 1998 1133 2044 de
1164 1998 1471 2060 eleemosynis
1501 1998 1781 2046 devotorum

375 2076 503 2138 apud
541 2076 723 2121 Brivas⁸
756 2076 913 2122 vicum
951 2076 998 2121 in
1039 2074 1225 2121 honore
1263 2075 1410 2121 sancti
1443 2091 1497 2121 ac
1528 2074 1781 2122 beatissimi

375 2152 562 2197 Martini
594 2152 810 2198 antistitis
840 2152 1099 2199 oratorium
1128 2150 1405 2199 aedificavit:
1433 2151 1565 2215 cujus
1594 2168 1702 2198 cum
1732 2152 1780 2199 in

376 2228 528 2292 ipsum
548 2228 767 2292 reliquias
790 2228 1048 2288 detulisset,
1073 2227 1228 2274 statim
1254 2228 1442 2274 directis
1466 2228 1690 2275 membris
1714 2245 1784 2275 sa-

374 2320 463 2350 nus
487 2304 679 2351 effectus
700 2315 784 2351 est.
812 2305 994 2351 Deinde
1016 2304 1224 2351 collectis
1243 2321 1404 2351 secum
1428 2305 1587 2369 paucis
1609 2321 1783 2351 mona-

375 2381 494 2437 chis,
529 2381 617 2427 sub
642 2381 800 2444 regula
831 2381 1104 2428 monasterii
1137 2381 1330 2444 degens,
1362 2398 1548 2446 semper
1579 2382 1782 2429 orationi

374 2456 586 2504 vacabat.
609 2458 746 2504 Unde
767 2458 945 2505 factum
969 2467 1038 2504 est
1063 2467 1113 2504 ut
1136 2458 1183 2504 in
1209 2459 1425 2522 sequenti
1448 2459 1697 2505 accersitus
1720 2457 1781 2505 ab

428 2632 485 2684 (1)
518 2636 701 2682 Biturica,
722 2635 840 2672 2205.

429 2690 486 2742 (2)
517 2694 714 2742 Biturigis,
738 2694 861 2739 22043
881 2694 1075 2739 Bisarz’cz‘s,
1095 2693 1221 2740 2⁹20&
1247 2695 1424 2740 Biturice,
1447 2692 1563 2730 2791.

428 2749 486 2801 (3)
515 2754 674 2799 Agustus
691 2751 793 2802 apud
813 2764 945 2788 omnes
964 2750 1042 2789 fere
1061 2764 1152 2789 mss.

428 2808 485 2861 (4)
514 2812 575 2846 De
589 2812 695 2847 domo
715 2812 918 2847 sacerdotis
939 2811 1141 2859 quondam,
1161 2812 1280 2848 2791.

428 2866 487 2920 (5)
517 2868 638 2907 Laud.
660 2881 746 2906 cum
765 2869 876 2907 editis
890 2873 1018 2909 Brias.
1042 2867 1126 2920 (R.)
