2054 3450
411 335 486 371 346
919 333 1048 369 VITAE
1074 332 1290 370 PATRUM.

409 419 574 483 saepius
610 418 719 464 vitia
755 419 854 480 ejus
889 417 1090 465 nudaret
1124 435 1180 465 ac
1217 418 1412 465 crimina
1446 417 1534 484 [ut]
1565 420 1811 483 castigatus

409 494 704 541 emendatior
718 493 1019 541 redderetur:
1038 504 1082 541 et
1096 494 1160 540 ob
1178 494 1302 541 hanc
1323 494 1537 558 gratiam,
1557 495 1813 543 decedente

407 571 660 618 Trevericae
688 570 817 617 urbis
843 571 1101 629 sacerdote,
1125 588 1234 617 eum
1260 571 1319 617 ad
1337 571 1662 635 episcopatum
1678 572 1813 635 jussit

410 649 654 695 accersiri:
685 665 888 712 cumque
927 648 1040 694 dato
1075 664 1307 694 consensu
1343 648 1506 712 populi
1543 663 1598 695 ac
1623 647 1811 696 decreto

408 726 528 789 regis
550 726 611 773 ad
635 725 971 782 ordinandum,
999 742 1024 772 a
1043 725 1149 771 viris
1168 741 1355 771 summo
1375 741 1483 771 cum
1504 741 1612 787 rege
1629 724 1814 772 honore

408 800 611 865 praeditis
628 799 966 846 adducebatur.
989 802 1322 846 Verumtamen
1347 815 1457 845 cum
1480 799 1737 864 propinqui
1752 798 1814 846 ad

408 877 575 924 urbem
608 877 805 923 cadente
831 876 929 923 sole
957 876 1060 923 fixis
1094 876 1305 922 tentoriis
1340 877 1636 923 mansionem
1675 891 1811 940 para-

406 964 528 1014 rent,
556 954 620 1000 illi
644 954 889 1000 confestim
905 992 916 1012 ,
942 953 1105 1000 laxatis
1129 952 1381 1017 equitibus,
1406 969 1488 1017 per
1509 963 1686 1016 segetes
1705 969 1816 1018 pau-

409 1048 574 1095 perum
598 1030 893 1077 dimiserunt.
926 1030 1067 1088 Quod
1093 1047 1290 1076 cernens
1312 1029 1479 1077 beatus
1502 1029 1706 1076 Nicetius
1731 1029 1817 1076 mi-

407 1107 663 1155 sericordia
699 1117 880 1165 motus,
910 1108 974 1154 ait
1002 1127 1010 1153 ι
1045 1127 1066 1151 «
1107 1106 1329 1171 Expellite
1361 1106 1642 1171 quantocius
1668 1122 1816 1170 equos

410 1195 586 1231 vestros
612 1201 637 1231 a
664 1195 815 1248 segete
853 1184 1071 1249 pauperis
1088 1221 1100 1243 ,
1145 1183 1354 1247 alioquin
1395 1182 1652 1229 removebo
1676 1199 1762 1229 vos
1788 1198 1816 1230 a

406 1262 745 1309 communione
785 1277 903 1308 mea.
951 1281 972 1304 »
1018 1264 1072 1307 At
1112 1260 1175 1306 illi
1212 1260 1510 1323 indignantes
1550 1259 1810 1307 dixerunt:

410 1357 431 1378 «
453 1340 680 1394 Quaenam
702 1346 767 1382 est
788 1336 886 1383 haec
908 1352 1048 1382 causa
1071 1352 1215 1400 quam
1243 1335 1479 1399 loqueris?
1506 1333 1663 1381 adhuc
1687 1335 1816 1382 enim

406 1413 722 1479 episcopalem
750 1414 931 1477 apicem
970 1429 1067 1459 non
1100 1429 1149 1458 es
1173 1412 1397 1479 adeptus,
1426 1421 1473 1458 et
1493 1412 1590 1474 jam
1625 1427 1815 1458 excom-

407 1491 778 1537 municationem
803 1490 1063 1536 minaris?»
1092 1491 1147 1535 Et
1170 1489 1274 1535 ille:
1304 1483 1336 1531 α’
1350 1491 1484 1546 Vere,
1511 1487 1815 1552 inquit,[dico

406 1567 543 1613 vobis
568 1568 678 1631 quia
701 1567 953 1613 destinavit
969 1583 1046 1612 rex
1072 1575 1122 1612 ut
1142 1582 1217 1612 me
1238 1564 1452 1611 avulsum
1476 1581 1502 1612 a
1527 1565 1815 1612 monasterio

406 1644 516 1690 huic
535 1645 683 1708 ‘oneri
718 1643 979 1691 consecrari
1010 1642 1211 1706 juberet.
1251 1642 1349 1689 Fiet
1379 1641 1573 1706 quidem
1597 1641 1816 1690 voluntas

406 1722 509 1780 Dei,
546 1738 656 1768 nam
697 1721 815 1784 regis
846 1720 1063 1767 voluntas
1102 1721 1147 1766 in
1188 1719 1411 1766 omnibus
1445 1719 1579 1766 malis
1614 1735 1690 1765 me
1725 1718 1813 1766 ob-

406 1798 596 1844 sistente
619 1814 716 1844 non
734 1796 1085 1861 adimplebitur,
1100 1819 1115 1838 »
1132 1799 1263 1842 Tunc
1285 1812 1423 1842 cursu
1442 1795 1609 1860 rapido
1633 1794 1811 1855 abiens,

406 1874 540 1937 ejecit
561 1891 709 1938 equos
731 1891 757 1920 a
775 1883 943 1937 segete,
963 1883 1008 1920 et
1021 1873 1087 1919 sic
1102 1889 1213 1919 cum
1231 1872 1543 1919 admiratione
1562 1871 1815 1918 hominum

407 1950 597 1997 illorum
622 1952 678 1997 ad
709 1950 874 1997 urbem
902 1950 1134 1996 deductus
1153 1958 1240 1995 est.
1268 1952 1370 1995 Non
1395 1949 1523 1995 enim
1546 1947 1816 1995 honorabat

406 2042 658 2090 personam
682 2027 913 2090 potentis,
945 2025 1029 2072 sed
1057 2028 1208 2071 Deum
1235 2034 1419 2070 tantum
1445 2034 1490 2070 et
1514 2025 1560 2070 in
1591 2023 1736 2070 corde
1770 2033 1816 2070 et

407 2104 453 2148 iu
479 2103 703 2167 operibus
728 2101 983 2148 metuebat.
1015 2102 1265 2165 Impositus
1295 2101 1453 2165 itaque
1490 2100 1538 2146 in
1569 2099 1811 2160 cathedra,

407 2180 521 2226 dum
546 2180 800 2226 lectionum
829 2180 994 2226 seriem
1021 2178 1319 2237 auscultaret,
1345 2178 1487 2224 sensit
1514 2177 1674 2223 nescio
1699 2176 1815 2240 quid

407 2274 547 2320 grave
573 2274 714 2322 super
745 2258 975 2304 cervicem
997 2273 1146 2304 suam.
1175 2258 1391 2320 Cumque
1417 2255 1488 2302 bis
1510 2264 1591 2302 aut
1621 2264 1691 2301 ter
1716 2271 1813 2302 ma-

410 2351 524 2380 num
538 2335 659 2381 clam
681 2335 738 2381 ad
763 2334 1042 2381 tentandum
1067 2333 1312 2396 injecisset,
1343 2332 1516 2379 nullius
1537 2332 1604 2378 rei
1625 2347 1816 2379 causam

408 2411 619 2458 invenire
667 2412 843 2476 potuit,
885 2428 988 2474 quae
1035 2409 1128 2456 hoc
1170 2410 1357 2474 pondus
1397 2409 1612 2466 inferret3
1657 2407 1812 2454 diver-

410 2498 605 2551 tensque
630 2499 769 2552 caput
797 2488 855 2534 ad
893 2487 1131 2533 dexteram
1165 2495 1211 2531 et
1246 2487 1441 2553 laevam,
1479 2485 1705 2532 odoratus
1747 2493 1816 2530 est

409 2564 606 2610 odorem
633 2565 872 2611 suavitatis
905 2582 915 2609 :
953 2563 1179 2610 intellexit
1209 2578 1402 2626 quoque
1434 2561 1530 2608 hoc
1563 2576 1684 2607 onus
1715 2577 1815 2607 esse

409 2640 658 2687 sacerdotii
682 2641 828 2705 ipsius
851 2640 1142 2704 dignitatem.

475 2720 520 2763 2.
562 2719 814 2780 Assumpto
855 2732 968 2762 vero
1010 2717 1282 2780 episcopatu
1329 2723 1425 2761 tam
1468 2711 1726 2759 terribilem
1765 2727 1814 2758 se

410 2792 606 2857 praebuit
634 2793 878 2850 omnibus,
907 2793 944 2839 si
977 2793 1060 2838 Dei
1095 2791 1315 2838 mandata
1348 2806 1446 2837 non
1473 2798 1730 2847 servarent,
1765 2796 1815 2834 ut
