2054 3450
446 337 493 371 36
806 336 873 398 PE
901 336 1086 372 GLORIA
1117 335 1482 373 CONFESSORUM.

444 423 637 485 sugium,
665 437 870 484 quorum
901 421 1099 467 domino
1130 422 1385 468 Aventinus
1418 423 1620 486 pretium
1653 421 1840 468 obtulit.

441 500 533 545 Sed
564 498 640 544 ille
666 497 878 560 obligans
900 515 948 544 se
971 509 1264 545 sacramento
1293 499 1358 546 ait
1387 517 1397 545 :
1432 519 1454 542 «
1470 501 1720 563 Nunquam
1745 498 1844 545 haec

442 576 530 621 nisi
546 575 595 621 in
613 591 734 639 pago
756 591 862 622 meo
886 592 989 621 sum
1010 585 1336 640 accepturus.»
1357 575 1590 638 Deditque
1604 576 1841 622 dexteram

441 651 590 712 suam,
617 653 746 715 quod
776 652 814 698 si
842 651 952 698 illuc
977 653 1227 716 pecuniam
1253 652 1602 711 transmitteret,
1627 652 1711 699 iste
1733 669 1844 699 con-

441 730 589 775 festim
610 728 822 793 captivos
843 745 871 774 a
893 728 1081 775 vinculo
1108 729 1339 775 servitutis
1362 728 1637 775 absolveret.
1667 731 1843 775 Trans-

438 806 580 851 misso
616 806 774 868 itaque
805 806 974 870 pretio,
1010 804 1183 851 oblitus
1218 805 1442 851 dominus
1474 804 1583 851 fidei
1605 821 1698 851 suae
1727 804 1843 851 dum

435 882 645 946 captivos
674 882 916 928 absolvere
939 881 1216 939 dissimulat,
1246 882 1343 944 ipse
1370 882 1553 944 ligatur.
1600 885 1716 927 Nam
1746 868 1844 928 sta-

439 960 521 1005 tim
541 959 785 1005 summitas
803 959 929 1021 digiti
954 960 1014 1005 de
1034 975 1176 1005 manu
1203 975 1306 1022 quae
1328 958 1471 1005 fidem
1492 959 1660 1005 fecerat
1680 958 1841 1005 dolere

439 1036 637 1097 graviter
655 1035 797 1099 coepit
818 1053 827 1080 :
852 1036 1024 1082 deinde
1044 1035 1268 1098 paulatim
1289 1035 1427 1081 dolor
1445 1051 1733 1089 accrescens,
1758 1051 1842 1098 per

439 1128 634 1158 manum
662 1111 1004 1176 brachiumque
1035 1121 1187 1158 totum
1213 1111 1493 1157 extenditur.
1520 1111 1646 1168 Quid
1673 1112 1840 1175 plura?

434 1193 718 1235 Truncatum
738 1188 797 1234 ad
821 1190 971 1252 ipsam
992 1188 1263 1250 juncturam
1288 1187 1434 1234 cubiti
1462 1187 1706 1234 brachium
1731 1205 1839 1234 cum

435 1265 620 1323 cecidit,
647 1276 693 1311 et
716 1265 792 1311 hic
814 1266 1027 1329 spiritum
1046 1264 1293 1311 exhalavit.
1325 1267 1451 1310 Uxor
1476 1281 1586 1310 vero
1609 1264 1708 1326 ejus
1733 1275 1840 1328 post

435 1341 533 1387 liaec
556 1342 703 1388 voluit
726 1358 807 1387 eos
832 1343 1000 1387 iterum
1023 1341 1082 1387 ad
1104 1341 1346 1387 servitium
1370 1357 1590 1387 revocare
1600 1359 1612 1396 ;
1647 1340 1729 1387 sed
1760 1357 1838 1387 ca·-

435 1419 518 1482 piti
545 1417 709 1464 dolore
733 1412 968 1482 percussa,
997 1418 1146 1462 virum
1172 1427 1328 1463 secuta
1353 1426 1438 1462 est.
1466 1419 1523 1462 Et
1541 1417 1606 1462 sic
1629 1416 1679 1462 hi
1700 1417 1748 1462 in
1773 1418 1838 1463 in-

433 1495 666 1557 genuitate
692 1503 913 1558 perpetua
937 1496 1113 1556 absque
1141 1493 1278 1539 ullius
1307 1493 1546 1557 scripturae
1580 1493 1838 1540 munitione

436 1580 721 1617 manserunt.

978 1712 1135 1746 CAPUT
1158 1713 1289 1747 LXIX.

894 1827 945 1860 De
964 1826 1169 1860 Marcellino
1189 1826 1369 1873 episcopo.

494 1956 643 2004 Habet
679 1967 739 2016 et,
763 1955 1104 2003 Ebredunensis
1137 1956 1245 2002 urbs
1279 1965 1532 2020 patronum
1566 1955 1827 2019 proprium,

428 2033 751 2080 Marcellinum
776 2034 1047 2093 antistitem,
1074 2049 1157 2098 per
1179 2050 1321 2096 quem
1345 2033 1458 2079 dum
1479 2031 1636 2079 adhuc
1657 2033 1704 2078 in
1726 2049 1826 2079 cor-

425 2127 541 2176 pore
565 2120 844 2169 moraretur,
874 2110 1016 2156 multa
1037 2110 1246 2156 Christus
1262 2110 1487 2156 miracula
1506 2119 1726 2173 operatus
1742 2119 1826 2155 est.

427 2187 511 2234 Hic
537 2188 662 2234 enim
691 2187 848 2233 secisse
872 2187 1040 2232 dicitur
1062 2187 1299 2233 lavacrum
1322 2186 1379 2233 ad
1405 2185 1758 2250 baptizandum,
1781 2188 1827 2232 in

428 2282 523 2328 quo
541 2265 692 2310 natale
706 2264 897 2309 Domini
915 2265 990 2326 [et]
1011 2263 1258 2310 dominicae
1273 2279 1416 2310 coenae
1433 2278 1556 2326 aqua
1571 2262 1742 2308 dicitur
1757 2262 1827 2308 di-

429 2342 600 2387 vinitus
618 2341 805 2386 exoriri.
826 2344 893 2386 De
909 2356 1005 2403 quo
1022 2341 1163 2387 etiam
1179 2339 1237 2386 ad
1252 2340 1380 2386 aliud
1398 2340 1653 2398 lavacrum,
1670 2339 1716 2385 in
1729 2356 1825 2402 quo

425 2418 718 2465 consuetudo
755 2418 901 2481 prisca
936 2416 1165 2481 baptizari
1201 2416 1411 2472 instituit,
1447 2432 1569 2479 aqua
1602 2415 1823 2462 del'ertur„

425 2498 528 2541 Non
556 2506 713 2541 tamen
751 2494 1035 2553 cumulatur,
1072 2504 1122 2540 ut
1152 2494 1210 2540 de
1241 2494 1328 2540 illis
1361 2494 1569 2540 sontibus
1597 2493 1827 2556 Hispaniae

425 2588 566 2636 supra
605 2566 863 2634 retulimus.
914 2571 982 2617 Ad
1032 2571 1169 2633 hujus
1213 2586 1324 2633 ergo
1370 2570 1516 2616 sancti
1557 2570 1823 2633 sepulcrum

422 2649 621 2711 lychnus
657 2649 843 2695 assidue
876 2650 1035 2694 lumen
1070 2647 1242 2712 praebet
1266 2667 1276 2693 :
1303 2646 1385 2692 sed
1420 2662 1643 2692 accensus
1679 2646 1822 2692 semel

422 2724 579 2770 multis
619 2725 836 2771 noctibus
877 2725 975 2770 sine
1008 2724 1103 2770 ullo
1145 2723 1466 2771 additamento
1497 2722 1742 2786 perdurat;
1778 2731 1822 2768 et

422 2802 697 2865 plerumque
731 2802 960 2864 contingit
989 2785 1312 2866 inexstinctus
1345 2816 1372 2846 a
1399 2809 1558 2854 ventO,
1597 2799 1821 2845 divinitus
