2054 3450
443 359 519 395 260
963 359 1087 394 VITAE
1115 359 1331 396 PATRUM.

442 445 761 492 transmissam
793 455 987 510 putans,
1023 444 1211 508 reliquit
1233 461 1345 491 oves
1370 445 1419 491 in
1448 447 1604 511 campi
1625 445 1846 509 planitie,

441 530 487 567 et
510 521 695 569 scholas
717 538 975 586 puerorum
1001 521 1107 568 nisu
1129 522 1275 568 animi
1297 522 1403 584 agili
1435 532 1575 586 atque
1599 539 1742 570 cursu
1768 538 1847 568 ve-

440 598 680 645 locissimo
706 599 946 664 expetivit,
972 599 1248 662 traditisque
1273 599 1531 657 elementis,
1555 615 1608 646 ac
1627 599 1850 664 deinceps

442 691 556 746 quaer
568 675 725 722 studio
749 675 919 740 puerili
942 676 1203 722 necessaria
1226 685 1381 734 erant,
1413 675 1477 722 ita
1497 676 1723 735 celeriter,
1749 691 1850 722 me-

441 752 593 799 moria
614 753 894 817 opitulante,
918 753 1127 799 imbutus
1147 762 1213 799 est
1232 763 1278 799 ut
1298 753 1486 800 fratrem
1502 752 1576 799 vel
1593 754 1640 799 in
1658 753 1849 799 scientia

441 829 749 892 praecederet,
788 830 862 877 vel
899 830 1134 877 alacritate
1171 846 1364 890 sensuS,
1410 830 1664 894 adjuvante
1703 828 1850 877 divini

439 907 646 953 numinis
687 907 861 954 auxilio
882 942 896 964 ,
945 908 1156 954 anteiret.
1204 906 1389 954 Dehinc
1432 907 1719 964 Nunnioni¹‚
1767 906 1850 970 qui

438 983 684 1046 quondam
717 1001 827 1030 cum
860 984 1168 1031 Childeberto
1204 984 1489 1031 Parisiorum
1512 1000 1621 1047 rege
1652 999 1851 1047 magnus

439 1058 722 1117 habebatur,
757 1061 819 1108 ad
852 1061 1169 1108 exercendum
1195 1051 1559 1108 commendatus
1581 1070 1664 1108 est.
1693 1063 1730 1107 A
1751 1076 1851 1124 quo

438 1153 549 1183 cum
575 1154 762 1185 summa
785 1138 959 1186 amoris
983 1138 1223 1202 diligentia
1243 1139 1517 1197 nutriretur,
1542 1138 1607 1186 ita
1625 1154 1674 1185 se
1695 1137 1854 1184 humi-

438 1213 532 1260 lem
567 1224 707 1278 atque
747 1215 1013 1279 subjectum
1048 1215 1270 1261 omnibus
1305 1214 1566 1279 praebebat,
1603 1224 1654 1261 ut
1685 1230 1851 1262 omnes

437 1306 549 1339 eum
568 1303 794 1358 tanquam
816 1295 1062 1359 proprium
1086 1304 1333 1359 parentem
1359 1295 1406 1341 in
1430 1310 1615 1341 summa
1638 1293 1850 1342 bonitate

437 1368 701 1431 diligerent.
738 1374 1084 1435 Regressusque
1109 1372 1170 1420 ad
1191 1372 1417 1432 domum,
1445 1382 1576 1436 patre
1599 1371 1846 1433 defuncto,

439 1447 609 1510 reperit
634 1457 831 1495 matrem
851 1466 986 1495 suam
1008 1449 1165 1495 adhuc
1188 1449 1502 1513 superstitem.
1530 1448 1616 1494 Cui
1644 1447 1723 1495 illa
1749 1449 1846 1496 ait:

440 1541 461 1563 «
486 1524 606 1569 Ecce
623 1527 808 1587 genitor
831 1535 955 1584 tuus,
976 1542 1006 1572 o
1024 1525 1294 1573 dulcissime
1314 1534 1440 1583 nate,
1468 1525 1609 1581 obiit;
1632 1541 1720 1588 ego
1740 1541 1850 1572 vero

435 1596 614 1661 absque
637 1601 803 1647 solatio
826 1601 965 1664 dego.
993 1603 1244 1666 Requiram
1268 1602 1475 1667 puellam
1504 1602 1754 1667 pulchram
1779 1602 1851 1649 in-

435 1691 751 1741 genuamque,
778 1678 855 1725 cui
875 1679 1122 1743 copulatus
1147 1679 1366 1726 solatium
1396 1679 1604 1743 praebeas
1628 1688 1851 1726 maternae

434 1752 668 1800 viduitati.
694 1775 716 1798 >2
749 1757 801 1801 At
829 1755 905 1802 ille
934 1757 1210 1821 respondit}
1239 1776 1260 1799 «
1285 1759 1390 1803 Non
1414 1756 1680 1819 conjungor
1706 1771 1851 1802 mun-

436 1828 571 1875 danae
593 1831 809 1894 conjugi,
837 1833 919 1879 sed
943 1850 1048 1896 quae
1069 1834 1291 1898 concepit
1313 1834 1500 1880 animus
1522 1850 1632 1880 cum
1658 1832 1851 1879 Domini

434 1906 676 1955 voluntate
694 1909 950 1973 perficiam.
969 1933 990 1954 »
1014 1913 1100 1958 Cui
1117 1929 1227 1958 cum
1245 1912 1442 1975 genitrix
1469 1928 1566 1957 non
1587 1910 1851 1973 intelligens

434 1995 662 2047 quaereret
685 1987 799 2048 quid
825 1987 918 2034 hoc
942 1998 1082 2046 esset,
1113 1989 1315 2053 prodere
1341 1987 1490 2034 noluit
1506 2025 1517 2044 ‚
1544 1987 1626 2034 sed
1649 1986 1763 2033 abiit
1789 1985 1849 2032 ad

436 2061 704 2121 Arcadium,
747 2064 958 2111 Bituricae
989 2065 1119 2111 urbis
1154 2065 1463 2128 episcopum,
1495 2063 1721 2128 petiitque
1759 2061 1850 2109 sibi

434 2153 621 2184 comam
648 2140 812 2204 capitis
837 2141 1049 2202 tonderi,
1075 2141 1306 2205 ascirique
1330 2158 1379 2188 se
1404 2141 1452 2186 in
1476 2140 1698 2187 ordinem
1720 2138 1850 2186 cleri-

434 2230 618 2261 corum.
647 2216 791 2274 Quod
817 2218 1087 2283 episcopus,
1113 2219 1322 2265 Domino
1345 2217 1562 2278 volente,
1589 2217 1691 2264 sine
1713 2232 1849 2263 mora

435 2292 708 2356 complevit.
751 2297 846 2341 Nec
883 2296 1032 2342 multo
1071 2305 1179 2360 post
1213 2295 1493 2343 diaconatus
1530 2294 1738 2341 officium
1771 2310 1849 2341 su-

435 2384 594 2429 mens,
618 2370 815 2418 vacabat
837 2372 1054 2435 jejuniis,
1085 2372 1409 2419 delectabatur
1440 2371 1632 2434 vigiliis,
1658 2387 1845 2418 exerce-

434 2444 572 2494 batur
607 2447 833 2507 lecfione,
869 2459 1008 2514 atque
1041 2451 1090 2497 in
1125 2451 1341 2497 oratione
1377 2448 1562 2496 assidua
1599 2458 1848 2513 promptus

435 2523 785 2586 effundebatur,
811 2536 864 2572 ut
895 2543 983 2573 nec
1017 2526 1080 2574 ad
1107 2526 1380 2573 convivium
1412 2541 1583 2572 mensae
1609 2524 1849 2571 canonicae

436 2616 546 2646 cum
575 2602 767 2666 reliquis
795 2603 1040 2650 accederet
1062 2603 1257 2677 clericis.
1290 2602 1435 2660 Quod
1463 2599 1848 2682 audiepvkarchi-

437 2675 691 2737 diaconus,
719 2679 942 2728 frendens
962 2691 1130 2728 contra
1152 2697 1285 2739 eum,
1309 2680 1406 2726 ait.
1395 2736 1434 2763 ν
1434 2698 1457 2724 «
1477 2682 1578 2725 Aut⁸
1599 2695 1710 2725 cum
1742 2677 1850 2726 reli-

492 2842 549 2895 (1)
577 2844 666 2893 Ed.‚
687 2848 891 2885 Mamiom‘.
914 2845 999 2898 (R.)
