2054 3450
437 363 512 401 138
949 363 1078 400 VITAE
1102 363 1322 401 PATRUM.

435 450 642 498 Jurensis
680 451 851 499 deserti
885 460 1081 508 secreta,
1100 466 1204 514 quae
1235 450 1356 496 inter
1391 451 1712 514 Burgundiam
1746 451 1842 499 Ale-

435 527 772 591 manniamque
793 528 897 586 sita,
917 527 1147 574 Aventicae
1170 526 1386 589 adjacent
1404 527 1597 587 civitati,
1624 527 1842 576 taberna-

435 603 539 650 cula
562 602 729 668 figunt,
755 604 1069 669 prostratique
1092 603 1195 650 solo
1218 603 1478 650 Dominum
1498 593 1665 651 diebus
1688 604 1844 667 singu·
1873 620 1882 624 ·

435 680 492 727 lis
513 697 623 727 curn
641 680 873 744 psallentii
897 680 1219 728 modulamine
1244 680 1576 744 deprecantur,
1586 681 1764 728 victum
1783 681 1843 728 de

435 756 675 804 radicibus
697 767 959 821 quaerentes
980 756 1255 804 herbarum.
1282 756 1375 803 Sed
1401 757 1627 820 quoniam
1652 757 1773 804 livor
1789 757 1844 804 il-

435 834 525 882 lius
540 835 622 899 qui
643 834 704 882 de
726 834 847 882 coelo
867 834 1086 899 delapsus
1106 844 1192 894 est,
1209 850 1396 899 semper
1414 834 1607 882 insidias
1627 833 1843 882 humano

435 912 594 975 generi
624 912 872 958 consuevit
902 911 1168 968 intendere,
1188 920 1354 957 contra
1373 910 1463 958 hos
1484 912 1571 958 Dei
1589 927 1751 958 servos
1771 927 1845 958 ar-

436 997 610 1048 matur,
634 987 820 1052 hosque
843 1004 931 1053 per
957 988 1196 1035 ministros
1223 1004 1335 1034 suos
1356 1003 1386 1034 a
1407 997 1564 1052 coepto
1586 988 1754 1035 itinere
1775 988 1846 1035 ni-

435 1064 548 1111 titur
569 1080 807 1112 revocare.
835 1067 954 1112 Nam
970 1064 1206 1129 lapidibus
1219 1081 1387 1128 urgere
1409 1081 1491 1111 eos
1505 1064 1745 1112 daemones
1761 1081 1846 1130 per

436 1140 536 1188 dies
557 1142 766 1205 singulos
787 1137 894 1189 non¹
907 1140 1204 1201 desinebant,
1225 1151 1271 1188 et
1290 1142 1668 1206 quotiescunque
1693 1157 1845 1204 genua

436 1219 497 1266 ad
533 1219 770 1266 orandum
805 1219 1067 1266 Dominum
1090 1218 1406 1279 deflexissent,
1428 1219 1585 1265 statim
1609 1218 1762 1266 imber
1778 1218 1846 1265 la-

436 1295 604 1360 pidum
636 1311 778 1360 super
802 1294 994 1342 eosdem
1021 1294 1302 1359 jacientibus
1326 1295 1573 1342 daemoniis
1597 1294 1842 1353 deruebat,

436 1372 500 1419 ita
533 1382 585 1419 ut
615 1389 736 1437 saepe
770 1372 1003 1419 vulnerati
1039 1373 1282 1419 immensis
1311 1371 1536 1419 dolorum
1560 1372 1846 1420 cruciatibus

435 1440 784 1514 torquerentur.
813 1453 994 1496 Interea
1017 1459 1127 1496 aetas
1157 1449 1315 1496 adhuc
1340 1450 1593 1497 immatura
1614 1451 1758 1514 coepit
1778 1450 1846 1496 in-

431 1526 578 1589 jurias
598 1525 864 1590 quotidiani
886 1525 1035 1572 hostis
1057 1535 1283 1584 metuere,
1300 1542 1389 1572 nec
1407 1542 1543 1589 passa
1565 1525 1741 1573 diutius
1754 1525 1847 1572 suf-

435 1600 556 1647 ferre
591 1600 798 1658 dolores,
826 1601 1098 1665 relinquens
1129 1618 1360 1657 eremum,
1386 1601 1447 1648 ad
1470 1603 1662 1666 propria
1692 1601 1846 1649 redire

435 1676 681 1725 deliberat.
705 1678 797 1725 Sed
819 1677 936 1742 quid
956 1678 1132 1725 invidia
1152 1694 1252 1724 non
1277 1688 1417 1742 cogat
1439 1677 1644 1725 inimici?
1666 1680 1844 1725 Verum

436 1753 518 1800 ubi
551 1754 870 1818 relinquentes
904 1754 997 1802 hoc
1024 1754 1347 1802 habitaculum
1375 1754 1507 1819 quod
1535 1754 1842 1819 expetierant,

435 1832 496 1879 ad
523 1832 656 1879 villas
691 1833 987 1880 manentium
1010 1842 1119 1879 sunt
1139 1833 1353 1894 regressi,
1378 1831 1578 1879 domum
1599 1832 1844 1896 cujusdam

435 1910 655 1973 pauperis
677 1910 1025 1973 ingrediuntur.
1054 1912 1389 1956 Percunctatur
1411 1920 1570 1956 autem
1596 1909 1766 1956 mulier
1784 1909 1845 1957 de

434 2001 532 2048 quo
561 1985 726 2031 itinere
761 1986 930 2032 milites
963 1985 1134 2032 Christi
1162 1985 1395 2033 venirent.
1416 1985 1721 2050 Respondent
1743 2002 1843 2033 non

434 2060 535 2106 sine
551 2060 828 2108 confusione
844 2078 892 2108 se
908 2061 1150 2125 reliquisse
1167 2077 1400 2119 eremum,
1422 2070 1469 2108 et
1485 2078 1589 2126 quae
1607 2077 1689 2109 eos
1703 2078 1846 2110 causa

435 2153 463 2184 a
477 2147 634 2202 coepto
657 2138 888 2185 distulerit
906 2155 1067 2203 opere,
1092 2155 1178 2203 per
1195 2138 1411 2185 ordinem
1437 2138 1672 2204 pandunt.
1693 2141 1748 2185 At
1765 2139 1846 2188 illa

432 2215 498 2262 ait
518 2233 529 2261 ε
554 2234 577 2257 ε(
590 2217 877 2280 Oportuerat
889 2232 992 2273 vos,
1011 2231 1041 2261 o
1058 2215 1144 2261 viri
1158 2215 1262 2272 Dei,
1280 2225 1448 2262 contra
1461 2215 1654 2262 insidias
1665 2214 1845 2263 diaboli

432 2290 626 2338 viriliter
657 2291 897 2349 dimicare,
924 2308 1013 2338 nec
1041 2290 1296 2338 formidare
1323 2291 1423 2354 ejus
1451 2291 1731 2352 inimicitias,
1760 2291 1844 2355 qui

432 2367 599 2431 saepius
625 2367 686 2415 ab
708 2368 872 2415 amicis
892 2368 979 2414 Dei
1001 2377 1247 2432 superatus
1269 2367 1509 2414 occubuit.
1535 2368 1753 2415 AEmulus
1774 2379 1844 2415 est

434 2444 561 2489 enim
590 2445 841 2500 sanctitati,
867 2444 983 2490 dum
1014 2444 1179 2491 metuit
1201 2461 1260 2490 ne
1282 2443 1411 2491 unde
1436 2443 1514 2490 ille
1537 2443 1843 2509 perfidiabilis

435 2520 615 2566 corruit
644 2537 792 2583 genus
823 2520 1088 2567 humanum
1114 2520 1208 2567 fide
1229 2519 1531 2567 nobilitatum
1551 2521 1790 2568 ascendat.
1814 2542 1837 2565 »

438 2596 494 2640 At
515 2595 579 2641 illi
597 2597 874 2660 compuncti
895 2597 1057 2658 corde,
1075 2607 1122 2643 et
1144 2613 1355 2643 seorsum
1377 2596 1563 2643 discreti
1582 2613 1609 2643 a
1625 2597 1837 2659 muliere,

438 2671 656 2719 dixerunt
675 2691 685 2719 ε
703 2676 811 2720 «Vae
828 2673 983 2732 nobis,
999 2674 1110 2737 quia
1127 2673 1425 2739 peccavimus
1447 2674 1496 2719 in
1518 2676 1671 2720 Deum
1684 2673 1840 2721 dimit·
1887 2704 1890 2706 v

434 2748 580 2794 tendo
603 2750 901 2813 propositum
924 2760 1156 2797 nostrum.
1182 2752 1301 2796 Ecce
1327 2766 1455 2796 nunc
1487 2765 1514 2796 a
1548 2750 1741 2797 muliere
1759 2766 1840 2808 ar-

435 2824 622 2887 guimur
656 2842 744 2889 pro
774 2827 972 2889 ignavia.
1000 2828 1059 2872 Et
1084 2826 1234 2890 qualis
1252 2825 1392 2872 nobis
1415 2826 1464 2872 in
1489 2835 1731 2891 posterum
1752 2827 1840 2874 erit
