2054 3450
429 333 502 369 114
783 331 851 366 DE
878 329 1064 367 GLORIA
1093 330 1462 369 CONFESSORUM.

425 429 503 464 trae
536 417 743 464 lucidam
775 418 978 464 veritatis
1011 417 1280 482 lampadem
1316 417 1656 465 accendebant.
1692 420 1827 467 Nunc

423 505 579 541 autem
598 495 934 541 contenebrata
952 503 1020 541 est
1039 493 1175 541 nobis
1195 495 1349 541 omnis
1364 504 1503 556 terra,
1526 504 1827 558 angustatum

421 580 490 618 est
508 572 710 635 spatium
726 571 866 634 hujus
880 571 988 632 loci,
1012 571 1127 618 dum
1143 581 1275 618 tuam
1291 571 1455 618 faciem
1470 588 1568 618 non
1591 588 1829 619 meremur

420 649 645 713 aspicere.
667 651 770 694 Heu
789 665 877 695 nos
897 647 1139 695 derelictas
1157 665 1186 695 a
1201 658 1362 695 sancta
1383 647 1551 695 matre!
1580 648 1829 713 felicesque

419 726 520 774 illas
543 743 648 791 quae
671 736 716 774 te
736 727 984 792 superstite
1006 726 1067 774 ab
1089 727 1183 773 hoc
1206 725 1377 773 saeculo
1399 726 1740 788 migraverunt!
1769 729 1828 773 Et

418 804 592 850 scimus
617 804 811 867 quidem
839 814 883 851 te
912 804 1071 850 choris
1101 793 1373 850 sanctarum
1402 803 1636 866 virginum
1663 812 1710 849 et
1738 803 1827 850 Dei

418 880 638 944 paradiso
665 897 764 927 esse
788 881 1094 944 conjunctam
1121 899 1131 926 :
1158 880 1243 927 sed
1270 897 1381 926 cum
1411 896 1467 926 ex
1491 879 1586 926 hoc
1610 879 1828 927 consola·

419 973 542 1016 mur,
576 956 693 1003 illud
724 957 862 1004 nobis
892 967 961 1003 est
989 957 1315 1017 lamentabile,
1346 955 1480 1020 quod
1510 966 1556 1003 te
1587 957 1828 1022 corpoteis

417 1033 567 1080 oculis
580 1034 751 1080 intueri
770 1050 867 1080 non
883 1051 1148 1098 possumus.
1165 1055 1187 1078 >³
1200 1037 1308 1080 Haec
1322 1044 1368 1081 et
1386 1034 1476 1080 alia
1487 1034 1611 1080 inter
1621 1033 1828 1081 lamenta

416 1110 701 1171 dicentibus,
723 1127 833 1158 cum
851 1128 879 1158 a
899 1111 1117 1175 lacrymis
1138 1121 1402 1176 temperare
1422 1128 1521 1158 non
1543 1111 1824 1172 valeremus,

415 1204 672 1234 conversus
691 1187 751 1235 ad
774 1187 1078 1243 abbatissam,
1095 1189 1171 1234 aio
1189 1207 1199 1234 ε
1219 1189 1401 1235 «Sinite
1415 1204 1669 1253 parumper
1681 1187 1741 1235 ab
1752 1188 1828 1236 his

417 1263 626 1321 fletibus,
655 1274 702 1311 et
723 1281 778 1311 ea
804 1265 960 1328 potius
982 1281 1087 1328 quae
1112 1274 1220 1311 sunt
1244 1265 1501 1312 necessaria
1524 1274 1819 1329 pertractate.

418 1344 535 1388 Ecce
551 1341 692 1388 frater
708 1351 868 1388 noster
887 1344 1132 1388 Maroveus
1151 1341 1292 1404 hujus
1310 1341 1442 1388 urbis
1456 1342 1707 1406 episcopus
1726 1358 1826 1388 non

413 1428 484 1464 est
504 1434 692 1478 coram,
718 1435 775 1465 co
798 1418 929 1481 quod
952 1418 1085 1465 illum
1111 1435 1251 1466 causa
1273 1418 1574 1465 visendarum
1597 1419 1825 1482 paroecia-

413 1511 521 1540 rum
551 1495 857 1559 elongaverit.
892 1497 1027 1542 Nunc
1058 1505 1214 1542 autem
1244 1495 1416 1542 habete
1451 1495 1729 1555 consilium,
1765 1511 1826 1542 ne

413 1581 629 1617 sanctum
647 1571 984 1636 corpusculum
999 1571 1220 1634 injurIam
1236 1572 1440 1635 patiatur
1455 1579 1502 1617 et
1517 1571 1664 1634 gratia
1679 1586 1826 1634 quam

413 1651 540 1695 Deus
567 1648 715 1695 beatis
744 1647 941 1694 artubus
968 1648 1178 1712 praestitit
1206 1648 1460 1707 aufferatur,
1494 1648 1609 1694 dum
1636 1655 1825 1711 tempus

411 1725 660 1790 sepulturae
693 1724 908 1772 differtur
931 1743 941 1770 :
968 1724 1223 1771 accelerate
1254 1724 1436 1771 debitas
1469 1723 1736 1788 exsequias,
1772 1733 1825 1770 ut

410 1802 628 1866 sepulcro
665 1819 774 1850 cum
810 1802 995 1849 honore
1028 1801 1271 1848 reddatur.
1297 1822 1319 1844 »
1354 1801 1424 1848 Ad
1455 1801 1555 1847 haec
1589 1799 1825 1848 abbatissa

411 1880 655 1943 respondit
675 1897 685 1924 ε
712 1900 733 1922 «
751 1883 807 1926 Et
824 1879 939 1943 quid
960 1879 1203 1939 faciemus,
1228 1879 1268 1925 si
1295 1879 1548 1943 episcopus
1569 1877 1700 1925 urbis
1722 1894 1821 1924 non

408 1955 679 2002 advenerit?
708 1956 817 2018 quia
841 1956 974 2002 locus
998 1955 1076 2002 ille
1097 1971 1194 2018 quo
1220 1955 1406 2019 sepeliri
1433 1954 1598 2014 debet,
1626 1970 1726 2001 non
1752 1964 1823 2001 est

409 2031 690 2079 sacerdotali
708 2031 1043 2078 benedictione
1069 2040 1293 2078 sacratus.
1316 2049 1338 2075 »
1354 2034 1484 2077 Tunc
1502 2031 1628 2077 cives
1646 2039 1693 2077 et
1710 2030 1820 2077 reli-

409 2109 508 2172 qui,
533 2109 622 2155 viri
643 2108 882 2169 honorati,
902 2110 983 2172 qui
1006 2108 1067 2156 ad
1087 2109 1329 2172 exsequias
1348 2107 1498 2155 beatae
1520 2107 1691 2170 reginae
1707 2122 1822 2154 con-

408 2196 653 2244 venerant,
670 2186 903 2250 imperant
916 2185 1134 2249 parvitati
1147 2201 1280 2245 meae,
1299 2184 1510 2231 dicentes
1527 2202 1538 2230 :
1556 2186 1820 2230 «Praesume

408 2262 468 2308 de
490 2262 716 2309 charitate
740 2262 892 2309 fratris
917 2263 1008 2320 tui,
1034 2272 1080 2308 et
1102 2260 1304 2308 benedic
1326 2261 1470 2308 altare
1492 2259 1629 2307 illud.
1655 2259 1820 2307 Confi-

407 2339 564 2386 dimus
580 2339 708 2386 enim
729 2339 788 2386 de
807 2340 907 2403 ejus
927 2338 1274 2397 benevolentia,
1297 2337 1427 2401 quod
1445 2337 1699 2384 molestum
1717 2354 1819 2385 non

408 2415 524 2463 ferat
545 2416 584 2462 si
611 2416 795 2476 feceris,
827 2416 911 2463 sed
937 2416 1083 2479 magis
1111 2415 1304 2479 gratiam
1337 2414 1522 2462 referat.
1556 2417 1813 2475 Praesume,

407 2509 674 2556 precamur,
700 2501 752 2538 ut
776 2509 886 2539 caro
905 2502 1066 2539 sancta
1088 2491 1336 2556 sepulturae
1358 2491 1600 2538 reddatur.
1621 2510 1643 2533 >2
1668 2492 1725 2536 Et
1749 2489 1817 2536 sic

406 2568 468 2615 ab
493 2570 582 2615 illis
605 2570 845 2632 injunctus
869 2570 1012 2616 altare
1034 2571 1083 2615 in
1106 2568 1272 2616 cellula
1294 2569 1396 2633 ipsa
1417 2567 1613 2615 sacravi.
1636 2568 1815 2612 Verum

408 2644 489 2691 ubi
528 2655 743 2692 sanctum
779 2663 953 2711 corpus
987 2655 1255 2705 moventes,
1298 2643 1544 2709 psallendo
1579 2641 1814 2689 deducere

405 2722 657 2785 coepimus,
686 2739 796 2768 mox
823 2722 1130 2786 energumeni
1157 2720 1497 2781 declamantes,
1528 2728 1576 2766 et
1601 2727 1813 2765 sanctam

404 2798 491 2844 Dei
514 2797 814 2858 confitentes,
845 2799 1056 2862 torqueri
1083 2815 1132 2846 se
1162 2797 1223 2844 ab
1246 2796 1302 2844 ea
1328 2796 1610 2844 fatebantur.
1641 2797 1810 2842 Trans-

2050 2215 2054 2296 ἑ

2046 2309 2054 2388 3

2027 2389 2054 2514 3
