2054 3450
400 346 449 381 26
732 378 739 385 ,⁷
766 344 833 379 DE
860 343 1044 380 GLORIA
1071 341 1442 378 CONFESSORUM.

402 432 582 497 puellae,
611 447 661 478 se
689 431 750 478 ad
772 430 1015 477 basilicam
1046 429 1169 476 beati
1196 429 1317 476 Petri
1342 429 1542 494 apostoli
1577 431 1763 477 confert
1793 449 1802 476 ε

401 509 578 572 ibique,
601 511 877 555 continuato
893 525 1004 554 cum
1023 506 1189 570 vigiliis
1206 515 1251 552 et
1272 504 1565 554 orationibus
1586 507 1807 555 triduano

396 586 595 649 jejunio,
631 595 800 648 quarta
831 585 908 631 die
941 602 1027 650 per
1055 582 1404 630 invocationem
1434 584 1628 630 Domini
1661 585 1809 631 nostri

401 665 507 708 Jesu
531 662 718 722 Christi,
741 671 786 708 et
803 662 954 708 crucis
980 660 1219 717 vexillum,
1255 659 1558 706 immundum
1592 661 1809 725 spiritum

402 755 428 785 a
451 755 653 803 corpore
686 738 851 804 puellae
882 737 1088 803 depellit.
1117 740 1222 795 Qua
1248 746 1431 794 sanata,
1462 736 1552 783 tria
1577 737 1621 784 ei
1651 748 1810 785 cente-

403 817 534 863 naria
559 817 660 863 auri
688 816 946 881 imperator
975 814 1115 862 offert
1143 832 1153 860 :
1177 813 1257 861 sed
1282 813 1360 861 ille
1383 815 1455 860 vir
1475 812 1653 861 altioris
1674 815 1811 879 spiri-

405 902 479 939 tus
498 892 701 940 caducas
725 892 907 939 divitias
929 909 1018 957 pro
1044 891 1192 938 nihilo
1212 891 1403 955 respuit,
1426 890 1613 938 dicens:
1635 912 1654 934 «
1672 892 1720 938 Si
1737 909 1812 939 me

406 970 494 1016 tuis
506 969 782 1016 muneribus
795 969 1080 1033 locupletare
1094 967 1347 1025 desideras,
1364 967 1478 1014 illud
1490 968 1621 1032 quod
1634 978 1814 1015 cunctae

405 1045 617 1111 proficiet
645 1047 817 1093 civitati
843 1046 1026 1110 largire.
1051 1045 1315 1106 Tributum,
1348 1046 1429 1102 ait,
1456 1046 1504 1092 in
1529 1046 1667 1092 tertio
1691 1047 1814 1093 circa

405 1140 568 1170 muros
591 1123 808 1170 milliario
837 1124 1025 1188 populis
1052 1122 1185 1183 cede,
1215 1121 1310 1170 hoc
1335 1124 1544 1187 utrisque
1567 1123 1815 1171 animabus

405 1199 591 1247 salubre
623 1200 906 1247 beneficium
938 1201 1041 1247 erit.
1079 1202 1258 1247 Aurum
1287 1217 1401 1247 vero
1432 1209 1567 1247 tuum
1603 1217 1813 1248 necessa·

406 1277 528 1323 rium
547 1294 644 1324 non
669 1277 844 1338 habeo,
867 1276 1156 1343 pauperibus
1177 1276 1294 1324 illud
1316 1294 1405 1343 pro
1427 1288 1508 1325 tua
1529 1287 1815 1342 tuorumque

409 1353 625 1401 felicitate
659 1355 897 1419 dispensa.
916 1375 938 1397 »
967 1354 1111 1412 Quod
1143 1354 1220 1402 ille
1250 1371 1349 1402 non
1383 1354 1615 1413 abnuens,
1645 1371 1815 1402 aurum

408 1431 697 1496 pauperibus
719 1441 897 1495 erogat,
932 1441 979 1478 et
1014 1431 1244 1479 tributum
1279 1432 1477 1497 petitum
1501 1432 1677 1480 civitati
1700 1449 1816 1480 con-

407 1508 548 1555 cedit.
573 1508 709 1555 Unde
729 1525 876 1571 usque
892 1508 1036 1556 hodie
1055 1509 1179 1556 circa
1194 1526 1357 1556 muros
1375 1507 1507 1555 urbis
1524 1508 1647 1555 illius
1663 1510 1711 1556 in
1728 1519 1817 1556 ter-

406 1586 472 1631 tio
504 1585 721 1632 milliario
750 1585 922 1632 tributa
956 1602 1054 1633 non
1087 1585 1353 1634 redduntur
1375 1586 1423 1632 in
1459 1585 1672 1650 publico.
1706 1589 1816 1633 Post

407 1662 663 1710 discessum
680 1680 793 1710 vero
815 1663 940 1710 beati
964 1662 1303 1725 archidiaconi,
1325 1664 1388 1710 ait
1411 1663 1666 1728 imperator
1687 1664 1782 1710 suis
1802 1682 1813 1711 ε

412 1742 495 1787 «Si
531 1742 643 1803 iste,
676 1743 852 1806 inquit,
883 1745 1036 1789 Deum
1068 1742 1319 1806 plusquam
1351 1741 1602 1806 pecuniam
1639 1740 1813 1805 diligit,

407 1819 548 1882 digne
571 1820 763 1866 ecclesia
798 1819 895 1878 illa,
917 1820 994 1866 cui
1024 1820 1126 1866 talis
1159 1820 1371 1865 minister
1397 1817 1678 1882 obsequitur
1710 1835 1818 1865 nos-

407 1896 489 1942 tris
521 1896 798 1943 muneribus
826 1896 1141 1943 illustratur.»
1174 1898 1305 1942 Tunc
1337 1911 1527 1960 capsam
1561 1894 1622 1941 ad
1656 1905 1818 1942 sancta

406 1972 648 2035 evangelia
669 1972 973 2031 recludenda,
1006 1982 1322 2036 patenamque
1344 1981 1390 2018 et
1408 1972 1603 2019 calicem
1622 1987 1678 2018 ex
1698 1988 1817 2019 auro

408 2066 531 2114 puro
556 2050 865 2114 pretiosisque
887 2049 1123 2114 lapidibus
1146 2050 1367 2114 praecepit
1398 2049 1628 2096 fabricari.
1654 2049 1816 2107 Quod,

408 2126 530 2172 miro
553 2127 811 2190 perfectum
836 2143 997 2190 opere,
1031 2144 1115 2191 per
1137 2126 1385 2173 hominem
1405 2126 1637 2174 creditum
1662 2126 1819 2190 dirigit

407 2202 627 2249 ecclesiae.
652 2203 745 2250 Sed
765 2204 958 2249 nuntius
985 2203 1062 2249 ille
1087 2203 1207 2249 inter
1229 2202 1363 2266 Alpes
1388 2203 1585 2269 positus,
1615 2203 1696 2266 qui
1718 2202 1818 2249 haec

406 2278 684 2337 exhibebat,
736 2280 796 2327 ad
832 2279 1034 2327 aurificis
1070 2280 1318 2343 cujusdam
1361 2279 1560 2327 domum
1601 2279 1816 2339 divertit,

407 2373 613 2420 cumque
630 2356 689 2403 ab
705 2373 764 2404 eo
778 2357 940 2404 artifex
959 2357 1273 2404 sciscitaretur
1290 2357 1406 2422 quid
1427 2357 1604 2421 negotii
1620 2367 1816 2420 gereret,

365 2431 369 2446 ⁷
409 2451 516 2482 rem
525 2436 748 2482 secretius
763 2452 819 2483 ac
831 2435 1105 2500 simpliciter
1123 2435 1304 2500 pandit.
1330 2435 1816 2498 Et1lle«s1inquit‚

411 2527 518 2557 meo
556 2513 754 2581 consilio
785 2513 1141 2560 conniventiam
1176 2512 1445 2577 praebueris,
1488 2511 1635 2560 multa
1683 2511 1820 2558 nobis

411 2587 510 2634 haec
532 2589 654 2636 ratio
674 2571 849 2654 poterit
872 2589 1004 2637 lucra
1011 2589 1264 2668 deferre.»
1290 2589 1355 2636 Ad
1379 2589 1480 2636 haec
1502 2588 1604 2650 ille,
1619 2579 1818 2636 diabolo

414 2664 680 2727 instigante,
706 2665 944 2726 seductus,
969 2675 1033 2726 et,
1056 2671 1109 2712 ut
1133 2666 1279 2713 fertur
1298 2666 1421 2712 inter
1439 2666 1638 2722 rusticos
1661 2670 1818 2712 sermo

412 2741 624 2803 vulgatus
660 2741 792 2805 quod
814 2741 1014 2788 inhianti
1045 2759 1164 2790 auro
1198 2759 1254 2790 ac
1282 2742 1701 2789 circumventionis
1734 2734 1818 2787 fal-
1837 2748 1871 2780 ·‘

412 2816 551 2864 lacias
599 2812 815 2865 inferenti
857 2812 1024 2883 saepius
1067 2819 1213 2866 animi
1240 2812 1628 2882 conjunguntur,
1665 2818 1818 2864 statim
1880 2876 1887 2884 ·
