2054 3450
446 327 522 362 272
960 330 1086 365 VITAE
1110 296 1329 370 PAffffiJM.

446 411 606 459 dendo
629 412 819 461 beatum
838 418 872 462 F
873 415 1082 462 riardum
1100 416 1405 481 alloquuntur
1417 417 1598 479 dolose,
1615 418 1843 465 dicentes:

449 510 472 532 «
494 492 661 538 Veniat
683 491 986 550 benedictus,
1018 494 1175 541 veniat
1198 494 1464 557 religiosuS,
1491 496 1572 558 qui
1594 512 1729 542 orare
1750 512 1847 542 non

445 567 632 626 desinit,
656 570 736 632 qui
755 587 946 617 crucem
969 571 1161 618 auribus
1181 581 1226 618 et
1251 572 1398 618 oculis
1417 588 1602 636 semper
1625 573 1846 638 imponit,

444 646 525 707 qui
559 645 642 691 viis
675 646 853 694 itineris
885 648 956 694 sui
996 648 1218 695 salutaria
1249 648 1414 695 vexilla
1450 649 1684 712 praemittit
1712 667 1722 696 ε
1749 650 1850 714 ipse

444 731 588 768 metat
604 739 743 787 super
759 740 973 783 examen,
1001 725 1100 789 ipse
1116 741 1226 772 eum
1243 741 1326 771 sua
1345 725 1560 771 oratione
1575 725 1803 772 mitescat.
1823 743 1846 769 »ι

443 801 573 846 Tunc
608 800 740 863 quasi
783 800 843 847 ad
880 801 1210 849 confusionem
1244 801 1495 848 dominicae
1532 802 1717 848 virtutis
1752 801 1852 848 haec

444 875 585 922 verba
609 876 867 940 stdcipiens
881 913 893 936 ,
917 878 1194 942 provolutus
1219 888 1352 925 terrae
1372 879 1636 926 orationem
1658 877 1777 925 fudit
1793 877 1853 926 ad

444 952 732 1011 Dominum;
770 963 817 1000 et
841 955 1097 1015 accedens,
1131 955 1255 1002 facto
1285 955 1488 1021 desuper
1515 956 1648 1018 signo
1672 955 1849 1015 crucis,

446 1028 509 1082 ait
536 1047 546 1075 ε
577 1048 599 1073 «
623 1029 922 1092 Adjutorium
955 1041 1172 1078 nostrum
1204 1033 1252 1079 in
1287 1033 1483 1080 nomine
1516 1032 1734 1092 Domini,
1772 1031 1854 1096 qui

446 1106 555 1154 fecit
576 1107 749 1154 coelum
769 1119 815 1155 et
836 1119 1026 1156 terram.
1046 1128 1070 1154 υ
1098 1110 1164 1156 Ad
1185 1109 1311 1158 hanc
1330 1111 1430 1174 ejus
1453 1110 1716 1157 orationem
1739 1125 1853 1156 con-

445 1184 597 1231 festim
615 1201 782 1232 omnes
802 1203 955 1251 vespae
972 1203 1022 1234 se
1038 1187 1158 1234 infra
1177 1198 1367 1234 antrum
1391 1187 1518 1234 unde
1540 1203 1732 1249 egressae
1755 1186 1853 1233 fue·

444 1271 551 1307 rant
585 1260 889 1310 abdiderunt.
925 1263 1004 1309 Ille
1040 1280 1154 1310 vero
1189 1263 1250 1310 ad
1281 1263 1603 1328 spectaculum
1637 1263 1852 1310 omnium

446 1354 644 1385 messem
668 1339 871 1405 desuper
887 1340 1052 1387 illaesus
1067 1342 1273 1405 expetiit.
1303 1342 1446 1399 Quod
1469 1358 1566 1389 non
1593 1342 1693 1388 sine
1713 1341 1852 1387 mira-

446 1416 554 1463 culo
588 1416 893 1464 irridentibus
926 1418 1034 1475 suit,
1071 1434 1129 1465 eo
1161 1419 1293 1482 quod
1324 1419 1558 1464 Dominus
1587 1419 1635 1464 in
1666 1434 1714 1464 sc
1745 1433 1856 1482 spe-

446 1503 629 1539 rantem
676 1494 738 1540 ad
779 1494 1107 1541 confusionem
1145 1511 1313 1542 eorum
1351 1496 1416 1541 sic
1462 1494 1681 1557 dignatus
1718 1493 1858 1540 fuerit

446 1568 690 1616 roborare.
728 1573 945 1634 Denique
979 1581 1085 1635 post
1118 1571 1243 1630 haec,
1284 1588 1394 1618 cum
1427 1572 1474 1617 in
1512 1569 1732 1618 arborem
1766 1585 1855 1635 pro

447 1647 654 1710 quadam
700 1647 972 1694 necessitate
1011 1648 1296 1695 ascendisset
1314 1684 1326 1707 ,
1371 1647 1527 1694 subito
1566 1647 1730 1694 colliso
1767 1645 1856 1693 sub

450 1723 648 1788 pedibus
678 1740 812 1771 ramo
842 1741 978 1771 ruere
1010 1725 1176 1789 coepit,
1212 1724 1479 1788 cadensque
1514 1723 1739 1771 deorsum
1772 1739 1858 1788 per

447 1800 655 1863 singulos
677 1818 799 1865 quos
822 1802 1114 1866 percutiebat
1138 1817 1318 1862 ramos,
1341 1801 1514 1848 Christi
1536 1799 1856 1847 beatissimum

447 1893 625 1924 nomen
646 1878 916 1938 invocabat,
937 1878 1127 1925 dicens:
1150 1898 1172 1921 «
1195 1878 1377 1925 Christe
1394 1878 1714 1942 omnipotens,
1733 1876 1858 1924 salva

447 1970 541 2000 me.
559 1956 812 2017 »Cumque
831 1957 1121 2019 pervenisset
1139 1954 1199 2001 ad
1219 1965 1411 2015 terram,
1432 1954 1550 2001 nihil
1576 1964 1646 2001 est
1672 1953 1858 2001 nocitus

448 2031 532 2078 sed
556 2032 711 2078 aiebat
737 2049 924 2097 semper
947 2051 957 2078 ε
986 2052 1009 2077 α
1025 2032 1322 2096 Adjutorium
1350 2041 1567 2079 nostrum
1589 2032 1638 2078 in
1662 2032 1858 2078 nomine

448 2109 665 2167 Domini,
680 2093 772 2172 ⁸qui
799 2110 906 2156 fecit
928 2109 1100 2157 coelum
1123 2119 1169 2156 et
1187 2119 1377 2156 terram.
1401 2129 1423 2152 »
1851 2154 1855 2156 ,

451 2181 455 2184 ’
514 2188 561 2232 2.
600 2186 682 2233 His
705 2197 751 2233 et
773 2187 874 2234 aliis
897 2186 1149 2234 virtutibus
1171 2187 1431 2246 animatus,
1465 2186 1606 2251 coepit
1633 2186 1756 2233 intra
1784 2202 1859 2232 se-

450 2272 579 2310 creta
602 2263 761 2310 cordis
783 2265 949 2311 tacitus
978 2265 1183 2325 cogitare
1210 2264 1400 2311 dicens:
1434 2264 1522 2309 «Si
1550 2279 1662 2309 crux
1690 2262 1910 2310 Christi*

452 2350 498 2386 et
520 2341 760 2387 invocatio
784 2341 990 2388 nominis
1013 2345 1139 2406 eJus,
1165 2351 1306 2404 atque
1334 2340 1623 2403 adjutorium
1653 2339 1861 2404 postula-

454 2427 555 2464 tum
586 2412 733 2464 ab'eo
758 2426 937 2464 tantam
960 2418 1221 2482 potentiam
1239 2416 1383 2464 habet
1403 2426 1456 2463 ut
1477 2432 1641 2481 aspera
1662 2431 1861 2480 quaeque

454 2495 623 2549 mundi
645 2495 886 2554 devincat,
913 2495 1179 2560 periculosa
1203 2494 1397 2556 obruat,
1423 2495 1737 2542 tentationum
1761 2503 1863 2541 atra

454 2572 676 2636 depellat,
701 2582 746 2619 et
765 2573 926 2619 omnia
942 2589 1047 2636 quae
1063 2582 1173 2619 sunt
1190 2571 1344 2619 saeculi
1363 2572 1442 2636 huj
1450 2589 1501 2618 us
1517 2543 1897 2619 οὔίθοῑέιωθηῑα

456 2665 544 2713 pro
561 2649 711 2696 nihilo
730 2659 948 2714 reputata
969 2649 1197 2708 fastidiat;
1218 2649 1332 2713 quid
1351 2649 1469 2695 mihi
1490 2659 1535 2695 et
1552 2647 1752 2708 mundo,
1774 2647 1863 2694 nisi

456 2735 506 2771 ut
529 2726 700 2773 relictis
726 2726 949 2792 omnibus
976 2743 1080 2791 quae
1103 2727 1203 2790 ejus
1225 2734 1356 2784 sunv,
1383 2726 1432 2771 in
1457 2725 1580 2772 illius
1601 2742 1765 2786 vacare
1786 2741 1862 2772 so-

439 2800 544 2848 'lius
578 2802 780 2850 debeam
812 2803 1075 2866 obsequiis,
1103 2804 1237 2866 cujus
1266 2802 1473 2849 nominis
1504 2802 1805 2850 invocatione
1833 2817 1863 2849 a
