<?xml version="1.0" encoding="UTF-8"?>
<!DOCTYPE html PUBLIC "-//W3C//DTD XHTML 1.0 Transitional//EN"
    "http://www.w3.org/TR/xhtml1/DTD/xhtml1-transitional.dtd">
<html xmlns="http://www.w3.org/1999/xhtml" xml:lang="en" lang="en">
 <head>
  <title>
</title>
<meta http-equiv="Content-Type" content="text/html;charset=utf-8" />
  <meta name='ocr-system' content='tesseract 3.04.00' />
  <meta name='ocr-capabilities' content='ocr_page ocr_carea ocr_par ocr_line ocrx_word'/>
</head>
<body>
  <div class='ocr_page' id='page_1' title='image "./leslivresdesmira03greguoft_0408.png"; bbox 0 0 2054 3450; ppageno 0'>
   <div class='ocr_carea' id='block_1_1' title="bbox 384 309 1265 379">
    <p class='ocr_par' dir='ltr' id='par_1_1' title="bbox 384 309 1265 379">
     <span class='ocr_line' id='line_1_1' title="bbox 384 309 1265 379; baseline -0.002 0"><span class='ocrx_word' id='word_1_1' title='bbox 384 343 457 379; x_wconf 70' lang='lat'>392</span> <span class='ocrx_word' id='word_1_2' title='bbox 691 309 700 316; x_wconf 59' lang='grc'><em>’</em></span> <span class='ocrx_word' id='word_1_3' title='bbox 724 318 730 323; x_wconf 74' lang='grc'><strong>”</strong></span> <span class='ocrx_word' id='word_1_4' title='bbox 893 339 1022 376; x_wconf 79' lang='lat' dir='ltr'><strong>VITAE</strong></span> <span class='ocrx_word' id='word_1_5' title='bbox 1050 339 1265 377; x_wconf 77' lang='lat' dir='ltr'>PATRUM.</span> 
     </span>
    </p>
   </div>
   <div class='ocr_carea' id='block_1_2' title="bbox 382 424 1795 2873">
    <p class='ocr_par' dir='ltr' id='par_1_2' title="bbox 382 424 1795 2798">
     <span class='ocr_line' id='line_1_2' title="bbox 382 424 1783 490; baseline -0.002 -15"><span class='ocrx_word' id='word_1_6' title='bbox 382 443 503 475; x_wconf 86' lang='lat' dir='ltr'>vana</span> <span class='ocrx_word' id='word_1_7' title='bbox 522 426 667 490; x_wconf 89' lang='lat' dir='ltr'>gloria</span> <span class='ocrx_word' id='word_1_8' title='bbox 692 426 876 485; x_wconf 89' lang='lat' dir='ltr'>mundi,</span> <span class='ocrx_word' id='word_1_9' title='bbox 904 435 947 472; x_wconf 90' lang='lat' dir='ltr'>et</span> <span class='ocrx_word' id='word_1_10' title='bbox 967 442 1021 473; x_wconf 89' lang='lat' dir='ltr'>ea</span> <span class='ocrx_word' id='word_1_11' title='bbox 1040 442 1143 490; x_wconf 87' lang='lat' dir='ltr'>quae</span> <span class='ocrx_word' id='word_1_12' title='bbox 1164 426 1211 471; x_wconf 92' lang='lat' dir='ltr'>in</span> <span class='ocrx_word' id='word_1_13' title='bbox 1233 424 1314 472; x_wconf 92' lang='lat' dir='ltr'>illo</span> <span class='ocrx_word' id='word_1_14' title='bbox 1340 435 1449 471; x_wconf 91' lang='lat' dir='ltr'>sunt</span> <span class='ocrx_word' id='word_1_15' title='bbox 1472 426 1633 474; x_wconf 88' lang='lat' dir='ltr'>omnia</span> <span class='ocrx_word' id='word_1_16' title='bbox 1657 427 1783 474; x_wconf 88' lang='lat' dir='ltr'>vani-</span> 
     </span>
     <span class='ocr_line' id='line_1_3' title="bbox 384 502 1781 566; baseline 0 -16"><span class='ocrx_word' id='word_1_17' title='bbox 384 514 468 550; x_wconf 84' lang='lat' dir='ltr'>tas.</span> <span class='ocrx_word' id='word_1_18' title='bbox 507 502 670 549; x_wconf 89' lang='lat' dir='ltr'>Melius</span> <span class='ocrx_word' id='word_1_19' title='bbox 693 512 760 549; x_wconf 91' lang='lat' dir='ltr'>est</span> <span class='ocrx_word' id='word_1_20' title='bbox 786 503 924 565; x_wconf 84' lang='lat' dir='ltr'>igitur</span> <span class='ocrx_word' id='word_1_21' title='bbox 947 502 1213 566; x_wconf 79' lang='lat' dir='ltr'><strong>relinquere</strong></span> <span class='ocrx_word' id='word_1_22' title='bbox 1237 518 1348 548; x_wconf 91' lang='lat' dir='ltr'>eum</span> <span class='ocrx_word' id='word_1_23' title='bbox 1380 510 1426 549; x_wconf 86' lang='lat' dir='ltr'>et</span> <span class='ocrx_word' id='word_1_24' title='bbox 1455 503 1586 566; x_wconf 90' lang='lat' dir='ltr'>sequi</span> <span class='ocrx_word' id='word_1_25' title='bbox 1617 505 1781 550; x_wconf 92' lang='lat' dir='ltr'>Domi-</span> 
     </span>
     <span class='ocr_line' id='line_1_4' title="bbox 385 578 1786 644; baseline 0 -16"><span class='ocrx_word' id='word_1_26' title='bbox 385 598 517 639; x_wconf 92' lang='lat' dir='ltr'>num,</span> <span class='ocrx_word' id='word_1_27' title='bbox 545 597 687 644; x_wconf 89' lang='lat' dir='ltr'>quam</span> <span class='ocrx_word' id='word_1_28' title='bbox 709 579 770 627; x_wconf 90' lang='lat' dir='ltr'>ad</span> <span class='ocrx_word' id='word_1_29' title='bbox 783 580 883 642; x_wconf 87' lang='lat' dir='ltr'>ejus</span> <span class='ocrx_word' id='word_1_30' title='bbox 906 596 1049 644; x_wconf 87' lang='lat' dir='ltr'>opera</span> <span class='ocrx_word' id='word_1_31' title='bbox 1072 578 1279 644; x_wconf 79' lang='lat' dir='ltr'>praebere</span> <span class='ocrx_word' id='word_1_32' title='bbox 1303 595 1602 625; x_wconf 89' lang='lat' dir='ltr'>consensum.</span> <span class='ocrx_word' id='word_1_33' title='bbox 1634 599 1656 622; x_wconf 79' lang='grc'>»</span> <span class='ocrx_word' id='word_1_34' title='bbox 1679 582 1786 628; x_wconf 89' lang='lat' dir='ltr'>Haec</span> 
     </span>
     <span class='ocr_line' id='line_1_5' title="bbox 383 655 1783 720; baseline -0.002 -16"><span class='ocrx_word' id='word_1_35' title='bbox 383 657 549 704; x_wconf 81' lang='lat' dir='ltr'>effatus</span> <span class='ocrx_word' id='word_1_36' title='bbox 571 674 682 704; x_wconf 89' lang='lat' dir='ltr'>cum</span> <span class='ocrx_word' id='word_1_37' title='bbox 707 657 834 704; x_wconf 86' lang='lat' dir='ltr'>diem</span> <span class='ocrx_word' id='word_1_38' title='bbox 861 656 993 703; x_wconf 92' lang='lat' dir='ltr'>terris</span> <span class='ocrx_word' id='word_1_39' title='bbox 1021 655 1218 703; x_wconf 85' lang='lat' dir='ltr'>reddere</span> <span class='ocrx_word' id='word_1_40' title='bbox 1241 655 1319 702; x_wconf 89' lang='lat' dir='ltr'>lux</span> <span class='ocrx_word' id='word_1_41' title='bbox 1343 655 1514 702; x_wconf 90' lang='lat' dir='ltr'>diurna</span> <span class='ocrx_word' id='word_1_42' title='bbox 1543 656 1783 720; x_wconf 84' lang='lat' dir='ltr'>coepisset,</span> 
     </span>
     <span class='ocr_line' id='line_1_6' title="bbox 383 732 1788 798; baseline -0.001 -17"><span class='ocrx_word' id='word_1_43' title='bbox 383 750 575 781; x_wconf 89' lang='lat' dir='ltr'>ascenso</span> <span class='ocrx_word' id='word_1_44' title='bbox 590 735 746 797; x_wconf 90' lang='lat' dir='ltr'>equite</span> <span class='ocrx_word' id='word_1_45' title='bbox 767 733 907 798; x_wconf 89' lang='lat' dir='ltr'>coepit</span> <span class='ocrx_word' id='word_1_46' title='bbox 928 732 988 779; x_wconf 90' lang='lat' dir='ltr'>ad</span> <span class='ocrx_word' id='word_1_47' title='bbox 1003 732 1264 798; x_wconf 88' lang='lat' dir='ltr'>hospitium</span> <span class='ocrx_word' id='word_1_48' title='bbox 1286 750 1424 780; x_wconf 88' lang='lat' dir='ltr'>suum</span> <span class='ocrx_word' id='word_1_49' title='bbox 1443 733 1628 780; x_wconf 87' lang='lat' dir='ltr'>reverti.</span> <span class='ocrx_word' id='word_1_50' title='bbox 1648 735 1788 779; x_wconf 89' lang='lat' dir='ltr'>Cum-</span> 
     </span>
     <span class='ocr_line' id='line_1_7' title="bbox 384 809 1789 876; baseline -0.001 -18"><span class='ocrx_word' id='word_1_51' title='bbox 384 828 477 876; x_wconf 89' lang='lat' dir='ltr'>que</span> <span class='ocrx_word' id='word_1_52' title='bbox 506 827 590 876; x_wconf 92' lang='lat' dir='ltr'>per</span> <span class='ocrx_word' id='word_1_53' title='bbox 615 811 740 858; x_wconf 85' lang='lat' dir='ltr'>viam</span> <span class='ocrx_word' id='word_1_54' title='bbox 764 811 863 874; x_wconf 89' lang='lat' dir='ltr'>jam</span> <span class='ocrx_word' id='word_1_55' title='bbox 892 810 1057 857; x_wconf 88' lang='lat' dir='ltr'>alacris</span> <span class='ocrx_word' id='word_1_56' title='bbox 1085 819 1325 874; x_wconf 83' lang='lat' dir='ltr'>pergeret,</span> <span class='ocrx_word' id='word_1_57' title='bbox 1351 809 1541 866; x_wconf 84' lang='lat' dir='ltr'>volvere</span> <span class='ocrx_word' id='word_1_58' title='bbox 1576 810 1700 856; x_wconf 89' lang='lat' dir='ltr'>intra</span> <span class='ocrx_word' id='word_1_59' title='bbox 1739 826 1789 857; x_wconf 88' lang='lat' dir='ltr'>se</span> 
     </span>
     <span class='ocr_line' id='line_1_8' title="bbox 384 885 1789 952; baseline -0.002 -17"><span class='ocrx_word' id='word_1_60' title='bbox 384 888 527 952; x_wconf 88' lang='lat' dir='ltr'>coepit</span> <span class='ocrx_word' id='word_1_61' title='bbox 550 887 664 950; x_wconf 90' lang='lat' dir='ltr'>quid</span> <span class='ocrx_word' id='word_1_62' title='bbox 695 896 868 950; x_wconf 87' lang='lat' dir='ltr'>ageret,</span> <span class='ocrx_word' id='word_1_63' title='bbox 894 902 990 949; x_wconf 92' lang='lat' dir='ltr'>quo</span> <span class='ocrx_word' id='word_1_64' title='bbox 1020 885 1186 932; x_wconf 89' lang='lat' dir='ltr'>abiret.</span> <span class='ocrx_word' id='word_1_65' title='bbox 1220 885 1439 949; x_wconf 86' lang='lat' dir='ltr'>Dixitque</span> <span class='ocrx_word' id='word_1_66' title='bbox 1469 903 1478 931; x_wconf 92' lang='lat'>:</span> <span class='ocrx_word' id='word_1_67' title='bbox 1511 906 1532 930; x_wconf 92' lang='lat'>«</span> <span class='ocrx_word' id='word_1_68' title='bbox 1563 888 1789 950; x_wconf 86' lang='lat' dir='ltr'>Expetam</span> 
     </span>
     <span class='ocr_line' id='line_1_9' title="bbox 384 962 1790 1027; baseline -0.002 -16"><span class='ocrx_word' id='word_1_69' title='bbox 384 964 570 1011; x_wconf 87' lang='lat' dir='ltr'>Martini</span> <span class='ocrx_word' id='word_1_70' title='bbox 591 963 717 1010; x_wconf 88' lang='lat' dir='ltr'>beati</span> <span class='ocrx_word' id='word_1_71' title='bbox 739 962 992 1020; x_wconf 89' lang='lat' dir='ltr'>tumulum,</span> <span class='ocrx_word' id='word_1_72' title='bbox 1019 962 1146 1009; x_wconf 93' lang='lat' dir='ltr'>unde</span> <span class='ocrx_word' id='word_1_73' title='bbox 1170 962 1384 1027; x_wconf 85' lang='lat' dir='ltr'>procedit</span> <span class='ocrx_word' id='word_1_74' title='bbox 1406 962 1552 1008; x_wconf 85' lang='lat' dir='ltr'>virtus</span> <span class='ocrx_word' id='word_1_75' title='bbox 1571 962 1694 1009; x_wconf 85' lang='lat' dir='ltr'>alma</span> <span class='ocrx_word' id='word_1_76' title='bbox 1716 978 1790 1008; x_wconf 93' lang='lat' dir='ltr'>su-</span> 
     </span>
     <span class='ocr_line' id='line_1_10' title="bbox 384 1039 1790 1108; baseline -0.003 -18"><span class='ocrx_word' id='word_1_77' title='bbox 384 1060 470 1108; x_wconf 91' lang='lat' dir='ltr'>per</span> <span class='ocrx_word' id='word_1_78' title='bbox 491 1042 720 1093; x_wconf 82' lang='lat' dir='ltr'>infirmos.</span> <span class='ocrx_word' id='word_1_79' title='bbox 766 1041 920 1088; x_wconf 87' lang='lat' dir='ltr'>Credo</span> <span class='ocrx_word' id='word_1_80' title='bbox 953 1042 1080 1088; x_wconf 90' lang='lat' dir='ltr'>enim</span> <span class='ocrx_word' id='word_1_81' title='bbox 1114 1040 1244 1105; x_wconf 85' lang='lat' dir='ltr'>quod</span> <span class='ocrx_word' id='word_1_82' title='bbox 1283 1051 1330 1087; x_wconf 90' lang='lat' dir='ltr'>et</span> <span class='ocrx_word' id='word_1_83' title='bbox 1354 1040 1469 1087; x_wconf 82' lang='lat' dir='ltr'>mihi</span> <span class='ocrx_word' id='word_1_84' title='bbox 1501 1040 1600 1104; x_wconf 88' lang='lat' dir='ltr'>ejus</span> <span class='ocrx_word' id='word_1_85' title='bbox 1639 1039 1790 1087; x_wconf 90' lang='lat' dir='ltr'>oratio</span> 
     </span>
     <span class='ocr_line' id='line_1_11' title="bbox 385 1117 1790 1182; baseline -0.002 -15"><span class='ocrx_word' id='word_1_86' title='bbox 385 1122 473 1168; x_wconf 88' lang='lat' dir='ltr'>iter</span> <span class='ocrx_word' id='word_1_87' title='bbox 515 1119 738 1167; x_wconf 80' lang='lat' dir='ltr'>reserabit</span> <span class='ocrx_word' id='word_1_88' title='bbox 770 1119 830 1165; x_wconf 91' lang='lat' dir='ltr'>ad</span> <span class='ocrx_word' id='word_1_89' title='bbox 873 1122 1055 1179; x_wconf 86' lang='lat' dir='ltr'>Deum,</span> <span class='ocrx_word' id='word_1_90' title='bbox 1093 1118 1173 1181; x_wconf 79' lang='lat' dir='ltr'>qui</span> <span class='ocrx_word' id='word_1_91' title='bbox 1211 1117 1488 1182; x_wconf 88' lang='lat' dir='ltr'>deprecatus</span> <span class='ocrx_word' id='word_1_92' title='bbox 1529 1117 1790 1164; x_wconf 89' lang='lat' dir='ltr'>Dominum</span> 
     </span>
     <span class='ocr_line' id='line_1_12' title="bbox 387 1195 1794 1259; baseline -0.003 -15"><span class='ocrx_word' id='word_1_93' title='bbox 387 1207 600 1244; x_wconf 87' lang='lat' dir='ltr'>mortuos</span> <span class='ocrx_word' id='word_1_94' title='bbox 623 1197 805 1244; x_wconf 88' lang='lat' dir='ltr'>reduxit</span> <span class='ocrx_word' id='word_1_95' title='bbox 827 1212 855 1243; x_wconf 91' lang='lat' dir='ltr'>a</span> <span class='ocrx_word' id='word_1_96' title='bbox 870 1205 1060 1243; x_wconf 87' lang='lat' dir='ltr'>tartaro.</span> <span class='ocrx_word' id='word_1_97' title='bbox 1093 1215 1113 1238; x_wconf 75' lang='lat' dir='ltr'><strong>n</strong></span> <span class='ocrx_word' id='word_1_98' title='bbox 1143 1198 1199 1242; x_wconf 90' lang='lat' dir='ltr'>Et</span> <span class='ocrx_word' id='word_1_99' title='bbox 1216 1195 1281 1242; x_wconf 91' lang='lat' dir='ltr'>sic</span> <span class='ocrx_word' id='word_1_100' title='bbox 1305 1195 1427 1241; x_wconf 88' lang='lat' dir='ltr'>viam</span> <span class='ocrx_word' id='word_1_101' title='bbox 1448 1211 1662 1259; x_wconf 91' lang='lat' dir='ltr'>carpens,</span> <span class='ocrx_word' id='word_1_102' title='bbox 1689 1210 1794 1241; x_wconf 90' lang='lat' dir='ltr'>ora-</span> 
     </span>
     <span class='ocr_line' id='line_1_13' title="bbox 386 1271 1787 1334; baseline -0.002 -14"><span class='ocrx_word' id='word_1_103' title='bbox 386 1275 515 1321; x_wconf 86' lang='lat' dir='ltr'>tione</span> <span class='ocrx_word' id='word_1_104' title='bbox 537 1274 727 1332; x_wconf 88' lang='lat' dir='ltr'>comite,</span> <span class='ocrx_word' id='word_1_105' title='bbox 753 1273 899 1320; x_wconf 87' lang='lat' dir='ltr'>sancti</span> <span class='ocrx_word' id='word_1_106' title='bbox 932 1272 1116 1319; x_wconf 89' lang='lat' dir='ltr'>Martini</span> <span class='ocrx_word' id='word_1_107' title='bbox 1151 1271 1387 1318; x_wconf 85' lang='lat' dir='ltr'>basilicam</span> <span class='ocrx_word' id='word_1_108' title='bbox 1418 1281 1488 1318; x_wconf 91' lang='lat' dir='ltr'>est</span> <span class='ocrx_word' id='word_1_109' title='bbox 1528 1272 1787 1334; x_wconf 91' lang='lat' dir='ltr'>ingressus;</span> 
     </span>
     <span class='ocr_line' id='line_1_14' title="bbox 386 1347 1787 1414; baseline -0.002 -17"><span class='ocrx_word' id='word_1_110' title='bbox 386 1351 510 1398; x_wconf 88' lang='lat' dir='ltr'>circa</span> <span class='ocrx_word' id='word_1_111' title='bbox 536 1367 679 1414; x_wconf 91' lang='lat' dir='ltr'>quam</span> <span class='ocrx_word' id='word_1_112' title='bbox 707 1350 867 1414; x_wconf 82' lang='lat' dir='ltr'>paucis</span> <span class='ocrx_word' id='word_1_113' title='bbox 892 1347 1056 1395; x_wconf 90' lang='lat' dir='ltr'>diebus</span> <span class='ocrx_word' id='word_1_114' title='bbox 1093 1349 1381 1407; x_wconf 89' lang='lat' dir='ltr'>demoratus,</span> <span class='ocrx_word' id='word_1_115' title='bbox 1410 1349 1606 1395; x_wconf 91' lang='lat' dir='ltr'>transito</span> <span class='ocrx_word' id='word_1_116' title='bbox 1631 1364 1787 1409; x_wconf 89' lang='lat' dir='ltr'>amne,</span> 
     </span>
     <span class='ocr_line' id='line_1_15' title="bbox 388 1424 1793 1489; baseline -0.001 -16"><span class='ocrx_word' id='word_1_117' title='bbox 388 1426 446 1473; x_wconf 87' lang='lat' dir='ltr'>ad</span> <span class='ocrx_word' id='word_1_118' title='bbox 472 1426 688 1474; x_wconf 88' lang='lat' dir='ltr'>cellulam</span> <span class='ocrx_word' id='word_1_119' title='bbox 726 1426 891 1489; x_wconf 89' lang='lat' dir='ltr'>Majori</span> <span class='ocrx_word' id='word_1_120' title='bbox 918 1425 1203 1472; x_wconf 87' lang='lat' dir='ltr'>monasterio</span> <span class='ocrx_word' id='word_1_121' title='bbox 1229 1424 1573 1488; x_wconf 87' lang='lat' dir='ltr'>propinquam,</span> <span class='ocrx_word' id='word_1_122' title='bbox 1603 1424 1663 1470; x_wconf 88' lang='lat' dir='ltr'>de</span> <span class='ocrx_word' id='word_1_123' title='bbox 1697 1440 1793 1487; x_wconf 87' lang='lat' dir='ltr'>qua</span> 
     </span>
     <span class='ocr_line' id='line_1_16' title="bbox 389 1499 1793 1566; baseline -0.004 -15"><span class='ocrx_word' id='word_1_124' title='bbox 389 1503 594 1551; x_wconf 84' lang='lat' dir='ltr'>Alaricus</span> <span class='ocrx_word' id='word_1_125' title='bbox 620 1503 815 1566; x_wconf 90' lang='lat' dir='ltr'>quidam</span> <span class='ocrx_word' id='word_1_126' title='bbox 850 1511 1122 1556; x_wconf 87' lang='lat' dir='ltr'>recesserat,</span> <span class='ocrx_word' id='word_1_127' title='bbox 1161 1501 1362 1548; x_wconf 86' lang='lat' dir='ltr'>devotus</span> <span class='ocrx_word' id='word_1_128' title='bbox 1387 1500 1602 1560; x_wconf 79' lang='lat' dir='ltr'>accessit3</span> <span class='ocrx_word' id='word_1_129' title='bbox 1632 1499 1793 1564; x_wconf 90' lang='lat' dir='ltr'>ibique</span> 
     </span>
     <span class='ocr_line' id='line_1_17' title="bbox 388 1576 1794 1645; baseline -0.004 -18"><span class='ocrx_word' id='word_1_130' title='bbox 388 1596 454 1640; x_wconf 90' lang='lat' dir='ltr'>se,</span> <span class='ocrx_word' id='word_1_131' title='bbox 482 1580 687 1645; x_wconf 87' lang='lat' dir='ltr'>propriis</span> <span class='ocrx_word' id='word_1_132' title='bbox 712 1578 930 1625; x_wconf 90' lang='lat' dir='ltr'>manibus</span> <span class='ocrx_word' id='word_1_133' title='bbox 954 1578 1253 1624; x_wconf 87' lang='lat' dir='ltr'>membranas</span> <span class='ocrx_word' id='word_1_134' title='bbox 1281 1577 1467 1635; x_wconf 77' lang='lat' dir='ltr'>faciens,</span> <span class='ocrx_word' id='word_1_135' title='bbox 1497 1576 1557 1624; x_wconf 91' lang='lat' dir='ltr'>ad</span> <span class='ocrx_word' id='word_1_136' title='bbox 1583 1576 1794 1624; x_wconf 88' lang='lat' dir='ltr'>scriben-</span> 
     </span>
     <span class='ocr_line' id='line_1_18' title="bbox 388 1651 1794 1722; baseline -0.002 -19"><span class='ocrx_word' id='word_1_137' title='bbox 388 1651 504 1703; x_wconf 91' lang='lat' dir='ltr'>dum</span> <span class='ocrx_word' id='word_1_138' title='bbox 525 1657 723 1722; x_wconf 80' lang='lat' dir='ltr'>aptavit3</span> <span class='ocrx_word' id='word_1_139' title='bbox 752 1655 815 1702; x_wconf 93' lang='lat' dir='ltr'>ibi</span> <span class='ocrx_word' id='word_1_140' title='bbox 847 1672 895 1702; x_wconf 93' lang='lat' dir='ltr'>se</span> <span class='ocrx_word' id='word_1_141' title='bbox 933 1665 982 1701; x_wconf 90' lang='lat' dir='ltr'>ut</span> <span class='ocrx_word' id='word_1_142' title='bbox 1011 1655 1274 1720; x_wconf 82' lang='lat' dir='ltr'>Scripturas</span> <span class='ocrx_word' id='word_1_143' title='bbox 1304 1664 1486 1702; x_wconf 85' lang='lat' dir='ltr'>sanctas</span> <span class='ocrx_word' id='word_1_144' title='bbox 1518 1653 1794 1716; x_wconf 86' lang='lat' dir='ltr'>intelligeret</span> 
     </span>
     <span class='ocr_line' id='line_1_19' title="bbox 388 1731 1793 1797; baseline -0.002 -16"><span class='ocrx_word' id='word_1_145' title='bbox 388 1751 443 1781; x_wconf 90' lang='lat' dir='ltr'>ac</span> <span class='ocrx_word' id='word_1_146' title='bbox 467 1734 680 1780; x_wconf 85' lang='lat' dir='ltr'>Davidici</span> <span class='ocrx_word' id='word_1_147' title='bbox 705 1733 923 1780; x_wconf 88' lang='lat' dir='ltr'>carminis</span> <span class='ocrx_word' id='word_1_148' title='bbox 945 1732 1165 1797; x_wconf 87' lang='lat' dir='ltr'>psalmos,</span> <span class='ocrx_word' id='word_1_149' title='bbox 1190 1733 1270 1795; x_wconf 88' lang='lat' dir='ltr'>qui</span> <span class='ocrx_word' id='word_1_150' title='bbox 1294 1731 1477 1778; x_wconf 90' lang='lat' dir='ltr'>dudum</span> <span class='ocrx_word' id='word_1_151' title='bbox 1500 1741 1793 1779; x_wconf 85' lang='lat' dir='ltr'>excesserant</span> 
     </span>
     <span class='ocr_line' id='line_1_20' title="bbox 391 1808 1791 1872; baseline -0.003 -13"><span class='ocrx_word' id='word_1_152' title='bbox 391 1812 630 1858; x_wconf 88' lang='lat' dir='ltr'>memoriae</span> <span class='ocrx_word' id='word_1_153' title='bbox 650 1848 662 1870; x_wconf 89' lang='lat'>,</span> <span class='ocrx_word' id='word_1_154' title='bbox 716 1812 964 1870; x_wconf 85' lang='lat' dir='ltr'>retineret,</span> <span class='ocrx_word' id='word_1_155' title='bbox 1013 1810 1218 1856; x_wconf 88' lang='lat' dir='ltr'>exercuit</span> <span class='ocrx_word' id='word_1_156' title='bbox 1257 1827 1267 1855; x_wconf 78' lang='lat' dir='ltr'><strong><em>z</em></strong></span> <span class='ocrx_word' id='word_1_157' title='bbox 1318 1809 1477 1872; x_wconf 90' lang='lat' dir='ltr'>sicque</span> <span class='ocrx_word' id='word_1_158' title='bbox 1525 1808 1791 1856; x_wconf 89' lang='lat' dir='ltr'>divinarum</span> 
     </span>
     <span class='ocr_line' id='line_1_21' title="bbox 389 1887 1793 1954; baseline -0.003 -18"><span class='ocrx_word' id='word_1_159' title='bbox 389 1890 734 1954; x_wconf 85' lang='lat' dir='ltr'>Scripturarum</span> <span class='ocrx_word' id='word_1_160' title='bbox 770 1888 1054 1936; x_wconf 88' lang='lat' dir='ltr'>lectionibus</span> <span class='ocrx_word' id='word_1_161' title='bbox 1093 1887 1323 1944; x_wconf 85' lang='lat' dir='ltr'>eruditus,</span> <span class='ocrx_word' id='word_1_162' title='bbox 1367 1888 1590 1949; x_wconf 89' lang='lat' dir='ltr'>cognovit</span> <span class='ocrx_word' id='word_1_163' title='bbox 1629 1903 1793 1933; x_wconf 87' lang='lat' dir='ltr'>verum</span> 
     </span>
     <span class='ocr_line' id='line_1_22' title="bbox 390 1963 1792 2030; baseline -0.001 -18"><span class='ocrx_word' id='word_1_164' title='bbox 390 1982 489 2013; x_wconf 92' lang='lat' dir='ltr'>esse</span> <span class='ocrx_word' id='word_1_165' title='bbox 514 1965 645 2029; x_wconf 91' lang='lat' dir='ltr'>quod</span> <span class='ocrx_word' id='word_1_166' title='bbox 671 1967 713 2012; x_wconf 90' lang='lat' dir='ltr'>ei</span> <span class='ocrx_word' id='word_1_167' title='bbox 740 1966 968 2012; x_wconf 89' lang='lat' dir='ltr'>Dominus</span> <span class='ocrx_word' id='word_1_168' title='bbox 1002 1966 1132 2030; x_wconf 88' lang='lat' dir='ltr'>prius</span> <span class='ocrx_word' id='word_1_169' title='bbox 1157 1965 1401 2030; x_wconf 88' lang='lat' dir='ltr'>inspiravit</span> <span class='ocrx_word' id='word_1_170' title='bbox 1426 1965 1474 2010; x_wconf 91' lang='lat' dir='ltr'>in</span> <span class='ocrx_word' id='word_1_171' title='bbox 1500 1963 1662 2011; x_wconf 86' lang='lat' dir='ltr'>corde.</span> <span class='ocrx_word' id='word_1_172' title='bbox 1699 1963 1792 2010; x_wconf 90' lang='lat' dir='ltr'>Sed</span> 
     </span>
     <span class='ocr_line' id='line_1_23' title="bbox 389 2039 1787 2106; baseline -0.002 -18"><span class='ocrx_word' id='word_1_173' title='bbox 389 2058 450 2088; x_wconf 90' lang='lat' dir='ltr'>ne</span> <span class='ocrx_word' id='word_1_174' title='bbox 477 2042 573 2089; x_wconf 74' lang='lat' dir='ltr'>haec</span> <span class='ocrx_word' id='word_1_175' title='bbox 598 2043 818 2106; x_wconf 89' lang='lat' dir='ltr'>cuiquam</span> <span class='ocrx_word' id='word_1_176' title='bbox 854 2041 1062 2089; x_wconf 84' lang='lat' dir='ltr'>fabulosa</span> <span class='ocrx_word' id='word_1_177' title='bbox 1100 2041 1348 2087; x_wconf 86' lang='lat' dir='ltr'>videantur</span> <span class='ocrx_word' id='word_1_178' title='bbox 1385 2057 1488 2104; x_wconf 84' lang='lat' dir='ltr'>quae</span> <span class='ocrx_word' id='word_1_179' title='bbox 1525 2039 1787 2095; x_wconf 87' lang='lat' dir='ltr'>retulimus,</span> 
     </span>
     <span class='ocr_line' id='line_1_24' title="bbox 391 2115 1795 2182; baseline -0.002 -17"><span class='ocrx_word' id='word_1_180' title='bbox 391 2129 537 2166; x_wconf 90' lang='lat' dir='ltr'>testor</span> <span class='ocrx_word' id='word_1_181' title='bbox 571 2122 723 2165; x_wconf 89' lang='lat' dir='ltr'>Deum</span> <span class='ocrx_word' id='word_1_182' title='bbox 758 2120 869 2182; x_wconf 87' lang='lat' dir='ltr'>quia</span> <span class='ocrx_word' id='word_1_183' title='bbox 900 2118 959 2165; x_wconf 92' lang='lat' dir='ltr'>ab</span> <span class='ocrx_word' id='word_1_184' title='bbox 995 2119 1140 2182; x_wconf 90' lang='lat' dir='ltr'>ipsius</span> <span class='ocrx_word' id='word_1_185' title='bbox 1170 2117 1408 2164; x_wconf 90' lang='lat' dir='ltr'>benedicti</span> <span class='ocrx_word' id='word_1_186' title='bbox 1432 2115 1664 2164; x_wconf 88' lang='lat' dir='ltr'>Leobardi</span> <span class='ocrx_word' id='word_1_187' title='bbox 1695 2115 1795 2162; x_wconf 88' lang='lat' dir='ltr'>haec</span> 
     </span>
     <span class='ocr_line' id='line_1_25' title="bbox 390 2193 1789 2259; baseline -0.003 -17"><span class='ocrx_word' id='word_1_188' title='bbox 390 2213 474 2242; x_wconf 91' lang='lat' dir='ltr'>ore</span> <span class='ocrx_word' id='word_1_189' title='bbox 497 2198 716 2259; x_wconf 87' lang='lat' dir='ltr'>cognovi.</span> <span class='ocrx_word' id='word_1_190' title='bbox 747 2199 803 2242; x_wconf 91' lang='lat' dir='ltr'>At</span> <span class='ocrx_word' id='word_1_191' title='bbox 826 2212 956 2255; x_wconf 86' lang='lat' dir='ltr'>vero,</span> <span class='ocrx_word' id='word_1_192' title='bbox 976 2195 1254 2259; x_wconf 89' lang='lat' dir='ltr'>interposito</span> <span class='ocrx_word' id='word_1_193' title='bbox 1278 2194 1416 2258; x_wconf 92' lang='lat' dir='ltr'>pauci</span> <span class='ocrx_word' id='word_1_194' title='bbox 1437 2193 1660 2257; x_wconf 85' lang='lat' dir='ltr'>temporis</span> <span class='ocrx_word' id='word_1_195' title='bbox 1682 2208 1789 2256; x_wconf 86' lang='lat' dir='ltr'>spa-</span> 
     </span>
     <span class='ocr_line' id='line_1_26' title="bbox 391 2269 1793 2334; baseline -0.002 -16"><span class='ocrx_word' id='word_1_196' title='bbox 391 2272 475 2332; x_wconf 89' lang='lat' dir='ltr'>tio,</span> <span class='ocrx_word' id='word_1_197' title='bbox 502 2271 730 2317; x_wconf 89' lang='lat' dir='ltr'>humilem</span> <span class='ocrx_word' id='word_1_198' title='bbox 764 2288 812 2318; x_wconf 93' lang='lat' dir='ltr'>se</span> <span class='ocrx_word' id='word_1_199' title='bbox 846 2280 1124 2334; x_wconf 86' lang='lat' dir='ltr'>tantumque</span> <span class='ocrx_word' id='word_1_200' title='bbox 1159 2269 1355 2334; x_wconf 79' lang='lat' dir='ltr'>praebuit</span> <span class='ocrx_word' id='word_1_201' title='bbox 1391 2279 1441 2316; x_wconf 91' lang='lat' dir='ltr'>ut</span> <span class='ocrx_word' id='word_1_202' title='bbox 1475 2269 1793 2315; x_wconf 89' lang='lat' dir='ltr'>honoraretur</span> 
     </span>
     <span class='ocr_line' id='line_1_27' title="bbox 391 2347 1793 2413; baseline -0.003 -17"><span class='ocrx_word' id='word_1_203' title='bbox 391 2349 452 2396; x_wconf 90' lang='lat' dir='ltr'>ab</span> <span class='ocrx_word' id='word_1_204' title='bbox 488 2348 735 2406; x_wconf 79' lang='lat' dir='ltr'>omnibus3</span> <span class='ocrx_word' id='word_1_205' title='bbox 771 2359 1059 2413; x_wconf 88' lang='lat' dir='ltr'>acceptoque</span> <span class='ocrx_word' id='word_1_206' title='bbox 1095 2347 1298 2405; x_wconf 88' lang='lat' dir='ltr'>sarculo,</span> <span class='ocrx_word' id='word_1_207' title='bbox 1326 2347 1542 2394; x_wconf 88' lang='lat' dir='ltr'>cellulam</span> <span class='ocrx_word' id='word_1_208' title='bbox 1571 2347 1618 2392; x_wconf 92' lang='lat' dir='ltr'>in</span> <span class='ocrx_word' id='word_1_209' title='bbox 1651 2362 1793 2410; x_wconf 90' lang='lat' dir='ltr'>quam</span> 
     </span>
     <span class='ocr_line' id='line_1_28' title="bbox 391 2424 1790 2489; baseline -0.003 -16"><span class='ocrx_word' id='word_1_210' title='bbox 391 2428 624 2489; x_wconf 90' lang='lat' dir='ltr'>ingressus</span> <span class='ocrx_word' id='word_1_211' title='bbox 647 2426 813 2486; x_wconf 85' lang='lat' dir='ltr'>fuerat,</span> <span class='ocrx_word' id='word_1_212' title='bbox 837 2425 1047 2471; x_wconf 90' lang='lat' dir='ltr'>incidens</span> <span class='ocrx_word' id='word_1_213' title='bbox 1072 2425 1297 2489; x_wconf 89' lang='lat' dir='ltr'>lapidem,</span> <span class='ocrx_word' id='word_1_214' title='bbox 1325 2424 1581 2489; x_wconf 88' lang='lat' dir='ltr'>ampliavit.</span> <span class='ocrx_word' id='word_1_215' title='bbox 1619 2426 1670 2470; x_wconf 89' lang='lat' dir='ltr'>In</span> <span class='ocrx_word' id='word_1_216' title='bbox 1697 2439 1790 2486; x_wconf 87' lang='lat' dir='ltr'>qua</span> 
     </span>
     <span class='ocr_line' id='line_1_29' title="bbox 392 2499 1792 2565; baseline -0.003 -15"><span class='ocrx_word' id='word_1_217' title='bbox 392 2503 556 2550; x_wconf 89' lang='lat' dir='ltr'>cellula</span> <span class='ocrx_word' id='word_1_218' title='bbox 581 2502 899 2550; x_wconf 89' lang='lat' dir='ltr'>delectabatur</span> <span class='ocrx_word' id='word_1_219' title='bbox 916 2502 1118 2565; x_wconf 89' lang='lat' dir='ltr'>jejuniis,</span> <span class='ocrx_word' id='word_1_220' title='bbox 1149 2502 1382 2559; x_wconf 84' lang='lat' dir='ltr'>oratione,</span> <span class='ocrx_word' id='word_1_221' title='bbox 1405 2500 1668 2565; x_wconf 84' lang='lat' dir='ltr'>psallentio,</span> <span class='ocrx_word' id='word_1_222' title='bbox 1695 2499 1792 2546; x_wconf 84' lang='lat' dir='ltr'>lec-</span> 
     </span>
     <span class='ocr_line' id='line_1_30' title="bbox 391 2576 1793 2642; baseline -0.002 -17"><span class='ocrx_word' id='word_1_223' title='bbox 391 2581 539 2640; x_wconf 90' lang='lat' dir='ltr'>tione,</span> <span class='ocrx_word' id='word_1_224' title='bbox 567 2596 655 2627; x_wconf 91' lang='lat' dir='ltr'>nec</span> <span class='ocrx_word' id='word_1_225' title='bbox 682 2595 891 2642; x_wconf 89' lang='lat' dir='ltr'>unquam</span> <span class='ocrx_word' id='word_1_226' title='bbox 916 2595 944 2626; x_wconf 87' lang='lat' dir='ltr'>a</span> <span class='ocrx_word' id='word_1_227' title='bbox 963 2579 1133 2625; x_wconf 82' lang='lat' dir='ltr'>divinis</span> <span class='ocrx_word' id='word_1_228' title='bbox 1151 2576 1316 2624; x_wconf 80' lang='lat' dir='ltr'>officiis</span> <span class='ocrx_word' id='word_1_229' title='bbox 1336 2587 1381 2624; x_wconf 90' lang='lat' dir='ltr'>et</span> <span class='ocrx_word' id='word_1_230' title='bbox 1405 2577 1619 2624; x_wconf 90' lang='lat' dir='ltr'>oratione</span> <span class='ocrx_word' id='word_1_231' title='bbox 1641 2591 1793 2623; x_wconf 89' lang='lat' dir='ltr'>cessa-</span> 
     </span>
     <span class='ocr_line' id='line_1_31' title="bbox 392 2654 1793 2718; baseline -0.001 -16"><span class='ocrx_word' id='word_1_232' title='bbox 392 2656 499 2717; x_wconf 89' lang='lat' dir='ltr'>bat;</span> <span class='ocrx_word' id='word_1_233' title='bbox 526 2657 758 2704; x_wconf 86' lang='lat' dir='ltr'>scribebat</span> <span class='ocrx_word' id='word_1_234' title='bbox 781 2655 1036 2715; x_wconf 87' lang='lat' dir='ltr'>interdum,</span> <span class='ocrx_word' id='word_1_235' title='bbox 1060 2666 1110 2702; x_wconf 92' lang='lat' dir='ltr'>ut</span> <span class='ocrx_word' id='word_1_236' title='bbox 1133 2672 1182 2701; x_wconf 91' lang='lat' dir='ltr'>se</span> <span class='ocrx_word' id='word_1_237' title='bbox 1204 2672 1232 2702; x_wconf 91' lang='lat' dir='ltr'>a</span> <span class='ocrx_word' id='word_1_238' title='bbox 1253 2655 1615 2718; x_wconf 88' lang='lat' dir='ltr'>cogitationibus</span> <span class='ocrx_word' id='word_1_239' title='bbox 1641 2654 1793 2700; x_wconf 88' lang='lat' dir='ltr'>noxiis</span> 
     </span>
     <span class='ocr_line' id='line_1_32' title="bbox 394 2731 662 2798; baseline 0.004 -20"><span class='ocrx_word' id='word_1_240' title='bbox 394 2731 662 2798; x_wconf 85' lang='lat' dir='ltr'>discuteret.</span> 
     </span>
    </p>

    <p class='ocr_par' dir='ltr' id='par_1_3' title="bbox 461 2807 1793 2873">
     <span class='ocr_line' id='line_1_33' title="bbox 461 2807 1793 2873; baseline -0.001 -18"><span class='ocrx_word' id='word_1_241' title='bbox 461 2810 508 2855; x_wconf 90' lang='lat'>3.</span> <span class='ocrx_word' id='word_1_242' title='bbox 546 2812 724 2873; x_wconf 77' lang='lat' dir='ltr'>Interea</span> <span class='ocrx_word' id='word_1_243' title='bbox 757 2819 808 2856; x_wconf 93' lang='lat' dir='ltr'>ut</span> <span class='ocrx_word' id='word_1_244' title='bbox 841 2825 889 2856; x_wconf 93' lang='lat' dir='ltr'>se</span> <span class='ocrx_word' id='word_1_245' title='bbox 928 2817 1132 2855; x_wconf 90' lang='lat' dir='ltr'>tentator</span> <span class='ocrx_word' id='word_1_246' title='bbox 1170 2807 1483 2855; x_wconf 87' lang='lat' dir='ltr'>manifestaret</span> <span class='ocrx_word' id='word_1_247' title='bbox 1521 2808 1606 2854; x_wconf 89' lang='lat' dir='ltr'>Dei</span> <span class='ocrx_word' id='word_1_248' title='bbox 1649 2808 1793 2855; x_wconf 89' lang='lat' dir='ltr'>servis</span> 
     </span>
    </p>
   </div>
  </div>
 </body>
</html>
