2054 3450
422 351 498 387 214
766 332 776 339 “
933 350 1062 386 viTAE
1087 350 1306 386 PATRUM.

421 436 712 499 cognovisse,
741 434 800 481 de
822 451 919 498 qua
940 444 985 481 et
1011 434 1149 494 filios,
1172 435 1381 482 Domino
1403 435 1643 499 largiente,
1666 427 1822 481 susce-

421 512 488 575 pit
514 529 524 556 ι
552 511 692 558 aliam
713 527 828 558 vero
851 510 1119 570 mulierem,
1146 520 1195 556 ut
1211 502 1432 574 juvenilis
1455 511 1623 563 assolet
1645 511 1819 574 servor,

419 588 715 636 inardescere
736 604 833 634 non
858 588 1072 649 contigit.

484 669 532 714 2.
572 668 683 712 Post
700 674 903 712 mortem
919 675 1079 712 autem
1098 665 1256 712 uxoris
1278 664 1338 711 ad
1354 663 1615 711 Dominum
1630 681 1824 712 conver-

421 743 548 802 titur,
582 752 628 790 et
655 742 830 789 electus
860 759 887 788 a
921 742 1103 807 populo
1131 741 1399 805 Lingonicae
1434 739 1540 787 urbi
1577 741 1825 806 episcopus

419 819 680 866 ordinatur.
714 819 802 865 Cui
826 834 998 882 magna
1020 819 1107 865 fuit
1128 818 1430 875 abstinentia3
1463 816 1546 864 sed
1569 833 1629 864 ne
1642 816 1826 880 jactan-

419 897 480 942 tia
509 904 771 960 putaretur,
804 895 986 941 occulte
1015 894 1104 941 sub
1126 895 1332 941 triticeos
1358 910 1504 959 panes
1526 894 1644 940 alios
1663 903 1827 941 tenues

419 989 474 1020 ex
497 971 680 1019 hordeo
703 971 1033 1036 supponebat:
1055 973 1291 1035 triticeum
1311 971 1526 1035 frangens
1543 970 1646 1018 aliis
1665 987 1827 1035 eroga·

419 1049 498 1096 bat
516 1086 528 1106 ‚
565 1049 665 1114 ipse
699 1065 814 1095 vero
847 1049 967 1095 clam
1004 1047 1240 1095 hordeum
1254 1083 1266 1104 ,
1315 1049 1502 1096 nemine
1541 1048 1826 1110 intelligente

417 1142 721 1190 praesumens.
756 1125 976 1172 Similiter
1005 1125 1066 1172 de
1087 1125 1199 1171 vino
1226 1125 1419 1184 faciens,
1452 1125 1566 1171 dum
1588 1141 1761 1189 aquam
1782 1126 1826 1172 ei

417 1202 646 1267 pincerna
675 1202 949 1267 porrigeret,
979 1201 1041 1248 ad
1065 1201 1459 1249 dissimulandum
1489 1217 1662 1265 aquam
1685 1201 1824 1249 desu-

417 1296 502 1344 per
523 1279 701 1326 effundi
725 1278 940 1342 jubebat,
967 1280 1057 1326 tale
1077 1279 1250 1325 vitrum
1280 1278 1456 1341 eligens
1484 1277 1614 1342 quod
1638 1279 1828 1326 clarita-

417 1365 512 1403 tem
534 1371 666 1419 aquae
683 1355 939 1418 obtegeret.
958 1358 1063 1402 Jam
1083 1356 1131 1402 in
1146 1356 1354 1418 ⁴iejuniis,
1375 1355 1703 1417 eleemosynis,
1726 1371 1828 1402 ora-

419 1431 626 1479 tionibus
650 1442 791 1495 atque
807 1432 974 1495 vigiliis
991 1442 1087 1478 tam
1102 1431 1264 1479 efficax
1282 1420 1476 1495 tamque
1490 1431 1691 1478 devotus
1707 1442 1823 1493 erat,

418 1518 470 1554 ut
494 1508 540 1555 in
575 1508 733 1555 medio
762 1508 930 1554 mundi
958 1509 1137 1572 positus
1163 1524 1315 1555 novus
1343 1507 1585 1570 effulgeret
1611 1508 1822 1555 eremita.

419 1586 535 1630 Nam
565 1601 676 1631 cum
708 1584 834 1649 apud
866 1585 1152 1631 Divionense
1183 1594 1390 1631 castrum
1417 1593 1684 1631 moraretur
1707 1586 1828 1632 assi-

419 1661 531 1719 due,
558 1671 604 1708 et
624 1661 796 1708 domus
815 1663 913 1724 ejus
937 1661 1210 1726 baptisterio
1234 1661 1491 1709 adhaereret
1513 1662 1562 1708 in
1585 1677 1681 1724 quo
1702 1660 1824 1708 mul-

419 1748 577 1785 torum
602 1748 871 1787 sanctorum
890 1738 1095 1802 reliquiae
1116 1738 1415 1799 tenebantur,
1441 1748 1581 1785 nocte
1602 1737 1663 1785 de
1681 1748 1826 1786 stratu

419 1831 524 1875 suo,
563 1814 695 1861 nullo
726 1816 955 1862 sentiente
986 1831 1292 1878 consurgens,
1319 1815 1379 1862 ad
1413 1816 1698 1875 orationem,
1723 1817 1825 1862 Deo

419 1900 602 1938 tantum
618 1901 751 1952 teste,
767 1891 1015 1956 pergebat3
1033 1892 1155 1938 ostio
1173 1891 1398 1938 divinitus
1413 1901 1635 1950 reserato,
1651 1901 1826 1940 attente

420 1968 647 2032 psallebat
674 1969 721 2014 in
751 1968 1043 2033 baptisterio.
1073 1969 1164 2015 Sed
1188 1985 1299 2015 cum
1321 1968 1416 2015 hoc
1442 1968 1578 2015 multi
1601 1971 1826 2034 temporis

420 2046 570 2110 spatio
592 2054 764 2108 ageret,
792 2044 987 2092 tandem
1008 2044 1069 2092 ab
1093 2061 1191 2091 uno
1214 2043 1420 2092 diacono
1443 2060 1516 2091 res
1534 2046 1721 2108 cognita
1747 2055 1825 2094 at-

419 2138 513 2185 que
534 2121 828 2169 manifestata
846 2130 915 2168 est
939 2139 950 2166 :
971 2120 1096 2168 idem
1117 2138 1226 2168 cum
1247 2122 1545 2184 cognovisset
1565 2121 1666 2169 haec
1683 2123 1776 2186 agi,
1798 2139 1825 2170 a

419 2199 560 2261 longe
595 2214 655 2244 ne
683 2214 795 2244 eum
818 2198 889 2244 vir
910 2196 1076 2245 beatus
1103 2199 1276 2244 sentire
1303 2208 1479 2262 posset,
1511 2199 1827 2262 prosequeba-

420 2284 497 2320 tur
531 2284 576 2321 et
613 2273 728 2338 quid
756 2284 913 2337 ageret
939 2273 1196 2339 spectabat.
1230 2274 1392 2321 Aiebat
1419 2275 1546 2320 enim
1575 2274 1823 2334 diaconus,

420 2351 552 2414 quod
575 2351 767 2398 veniens
788 2360 976 2397 sanctus
1001 2346 1086 2397 Dei
1114 2350 1176 2398 ad
1200 2351 1377 2398 ostium
1410 2349 1687 2420 baptisterii,
1721 2352 1826 2417 pul-

419 2443 527 2473 sans
554 2443 699 2474 manu
721 2427 938 2491 propria,
976 2427 1148 2473 ostium
1177 2428 1365 2474 nemine
1388 2437 1693 2492 comparente
1716 2444 1825 2494 ape-

420 2503 644 2563 riebatur,
666 2503 843 2567 illoque
858 2503 1148 2565 ingrediente
1161 2503 1420 2550 diutissime
1436 2503 1673 2550 silentium
1693 2515 1790 2552 erat
1809 2524 1820 2550 :

419 2588 582 2642 postea
622 2579 919 2643 psallentium
961 2589 1188 2643 tanquam
1230 2579 1483 2626 multarum
1525 2596 1699 2626 vocum
1741 2597 1824 2646 per

420 2655 562 2700 trium
597 2654 825 2701 horarum
857 2665 903 2702 et
932 2655 1027 2703 fere
1060 2655 1262 2721 amplius
1295 2656 1498 2721 spatium
1525 2655 1818 2705 audiebatur.

419 2730 572 2776 Credo
596 2746 684 2793 ego
709 2731 838 2794 quod
860 2748 970 2778 cum
989 2747 1270 2794 magnorum
1286 2740 1556 2778 sanctorum
1579 2731 1627 2777 in
1651 2729 1822 2779 eodem

417 2804 525 2851 loco
537 2805 831 2852 haberentur
854 2806 1075 2870 reliquiae,
1093 2807 1182 2870 ipsi
1204 2823 1252 2854 se
1273 2806 1413 2853 beato
1438 2807 1540 2853 viro
1564 2807 1822 2855 revelantes
