2054 3450
400 329 449 364 10
757 328 824 363 DE
850 327 1037 364 GLORIA
1066 326 1437 366 CONFESSORUM.

399 416 628 461 immensa
646 413 900 460 multitudo
915 413 1197 460 carbonum.
1225 413 1325 462 Alia
1346 431 1537 479 quoque
1551 416 1673 476 vela,
1696 433 1798 480 quae

396 491 467 538 vel
514 489 770 556 parietibus
808 489 882 536 vel
918 491 1048 537 ostiis
1090 490 1441 555 dependebant,
1482 493 1543 540 ad
1590 493 1798 558 primum

397 567 598 615 flammae
622 567 786 615 flatum
818 577 981 615 exusta
1004 577 1130 616 sunt.
1167 571 1275 615 Haec
1310 585 1423 615 vero
1446 569 1569 634 palla
1594 587 1692 617 non
1719 587 1798 617 so-

398 645 495 691 lum
516 661 615 691 non
635 654 755 703 usta,
777 661 943 691 verum
968 645 1108 691 etiam
1128 661 1216 692 nec
1239 662 1428 692 summo
1451 655 1589 692 tenus
1611 646 1672 694 ab
1693 648 1800 710 igne

396 721 666 768 decolorata
693 731 780 768 est.
815 722 961 784 Igitur
990 721 1177 785 expleto
1205 722 1446 783 incendio,
1471 722 1800 786 ingrediuntur

399 798 560 863 populi
586 815 695 844 cum
730 797 903 861 ejulatu
938 813 1128 861 magno,
1168 807 1214 845 et
1250 815 1396 862 usque
1433 798 1494 846 ad
1534 798 1800 864 sepulcrum

396 875 611 921 antistitis
631 884 906 939 properant,
937 875 1058 921 inter
1077 874 1214 922 fletus
1230 885 1277 922 et
1298 875 1529 940 lacrymas
1545 892 1671 923 nova
1688 893 1801 939 gau-

396 950 474 998 dia
506 951 775 1015 percepturi
821 969 832 997 ε
876 962 1123 999 removent
1161 951 1362 1017 desuper
1399 952 1632 999 tumulum
1677 952 1802 1017 ligna

395 1043 505 1074 cum
541 1027 767 1088 flammis,
809 1028 1254 1093 apprehensumque
1296 1030 1465 1076 tumuli
1495 1030 1677 1088 velum,
1721 1047 1800 1078 ex-

394 1105 541 1151 cussis
558 1105 739 1170 prunis,
766 1105 997 1152 mirantur
1019 1121 1186 1152 omnes
1209 1105 1420 1153 illaesum.

962 1247 1117 1282 CAPUT
1141 1247 1236 1283 LVI.

737 1338 790 1371 De
804 1336 964 1371 Victorio
981 1336 1263 1371 Cenomanorum
1281 1337 1459 1384 episcopo.

462 1432 715 1479 Victorius¹
741 1435 1126 1479 Cenomanorum
1149 1432 1416 1496 episcopus,
1440 1431 1620 1495 magnis
1642 1448 1692 1478 se
1712 1431 1801 1478 vir-

395 1507 573 1555 tutibus
609 1509 775 1573 saepius
811 1508 1082 1555 declaravit.
1127 1511 1245 1555 Nam
1269 1509 1422 1555 ferunt
1454 1508 1660 1572 quadam
1680 1508 1799 1566 vice,

394 1584 510 1632 dum
533 1586 694 1632 civitas
709 1586 809 1650 ipsa
832 1595 1121 1632 cremaretur
1139 1585 1380 1644 incendio,
1405 1595 1451 1632 et
1469 1585 1637 1632 validis
1653 1584 1803 1648 globis

394 1661 595 1709 flammae
615 1661 711 1709 huc
742 1661 946 1725 illucque
969 1662 1291 1726 impellerente
1312 1671 1455 1708 vento
1487 1661 1804 1726 propelleren-

394 1748 485 1797 tur,
511 1738 592 1785 hic
621 1738 755 1802 quasi
783 1747 944 1803 pastor
962 1738 1119 1784 bonus
1142 1754 1239 1785 non
1269 1738 1508 1803 perferens
1528 1738 1804 1785 ecclesiasti-

393 1831 472 1862 cas
487 1816 643 1863 caulas
655 1815 716 1863 ab
734 1815 914 1862 insidiis
936 1817 1117 1862 Satanae
1140 1815 1389 1873 devastari,
1415 1815 1608 1862 obviam
1634 1831 1683 1862 se
1706 1825 1804 1862 tur-

393 1892 495 1940 bini
523 1892 710 1953 obtulit,
743 1894 1017 1957 elevataque
1058 1909 1220 1953 manu,
1255 1892 1378 1939 sacto
1417 1893 1551 1956 signo
1587 1892 1741 1938 crucis
1777 1909 1804 1938 e

393 1979 575 2030 contra,
615 1969 740 2016 illico
779 1986 922 2016 omne
955 1970 1151 2016 cessavit
1178 1969 1473 2027 incendium,
1515 1968 1803 2031 liberataque

393 2046 555 2093 civitas
593 2046 761 2109 gratias
795 2047 970 2110 pastori
1008 2046 1182 2103 retulit,
1227 2062 1284 2092 eo
1329 2045 1461 2109 quod
1496 2061 1594 2092 non
1634 2045 1804 2110 permi-

393 2123 504 2169 serit
535 2138 607 2170 res
638 2139 744 2169 suas
779 2122 839 2170 ab
875 2123 1141 2169 imminenti
1171 2123 1276 2185 igne
1299 2124 1470 2169 vorari.
1495 2123 1551 2167 Et
1578 2121 1639 2169 ad
1663 2121 1804 2184 hujus

393 2199 663 2263 sepulcrum
706 2200 872 2264 saepius
911 2199 1086 2246 infirmi
1122 2209 1365 2246 sanantur.

952 2338 1108 2375 CAPUT
1131 2341 1247 2376 LVII.

763 2430 816 2463 De
834 2429 987 2464 Max-tino
1005 2430 1131 2464 abbate
1149 2429 1434 2465 Santonicorum.

457 2523 689 2570 Martinus
710 2524 995 2571 Santonicae’
1017 2525 1147 2571 urbis
1171 2525 1335 2584 abbas,
1360 2525 1544 2571 Martini
1575 2534 1625 2571 ut
1649 2525 1802 2573 serunt

326 2661 330 2666 1
395 2601 544 2675 nostri
572 2600 847 2665 discipulus,
876 2601 1007 2666 apud
1040 2602 1198 2648 vicum
1221 2601 1350 2678 ughis
1374 2602 1534 2665 ipsiuS,
1558 2601 1607 2647 in
1630 2616 1800 2647 mona-

446 2742 502 2788 (1)
531 2743 592 2778 De
615 2742 847 2782 Vinaria...
873 2744 912 2778 V
910 2746 1078 2790 ictarius,
1098 2743 1216 2782 2264.

447 2797 506 2850 (2)
530 2802 762 2852 sanctonice,
783 2802 905 2841 2791.
978 2799 998 2819 '⁴¹'

2042 631 2054 778 ..m-&ma
2050 592 2054 614 m.
