2054 3450
372 356 420 391 76
733 355 800 390 DE
829 355 1015 392 GLORIA
1044 355 1414 393 CONFESSORUM.

371 441 661 488 mentatione
698 440 926 502 deducta,
965 458 1074 488 cum
1111 440 1325 487 redditus
1358 451 1493 488 terrae
1527 441 1627 487 dies
1662 440 1781 488 alius

369 518 620 578 illuxisset,
664 519 880 565 reseratis
915 518 1026 565 aedis
1067 527 1254 564 sacratae
1296 519 1452 576 ostiis,
1499 518 1781 565 infantulum

370 605 577 640 erectum
608 611 693 659 per
729 595 963 642 cancellos
998 596 1198 660 sepulcri
1232 595 1497 642 trahentem
1529 612 1603 655 se,
1643 605 1783 659 atque

370 670 613 718 ambulare
645 682 896 718 conantem
922 673 1171 737 aspiciunt.
1202 671 1425 718 Nondum
1453 673 1581 718 enim
1609 673 1652 718 ei
1683 682 1783 719 erat

370 757 478 794 aetas
509 748 711 812 perfecta
743 759 793 795 ut
826 760 951 797 recte
990 760 1143 814 posset
1180 749 1415 795 incedere.
1451 749 1592 805 Quod
1629 748 1785 796 admi-

375 834 528 871 rantes
557 836 772 889 parentes
804 827 946 890 gavisi
980 837 1089 873 sunt
1116 846 1127 874 ι
1163 826 1462 890 suscepitque
1492 842 1601 871 eum
1637 835 1785 871 mater

372 914 535 950 moesta
558 921 667 950 cum
692 904 882 967 gaudio,
911 921 965 951 ac
995 905 1159 951 domui
1183 904 1381 950 restituit
1404 919 1590 949 sanum.
1626 904 1783 966 Ipsum

371 990 530 1027 autem
558 998 757 1046 puerum
777 982 875 1045 jam
900 982 1113 1028 adultum
1139 981 1262 1040 vidi,
1300 981 1380 1044 qui
1414 979 1552 1026 nobis
1578 979 1680 1025 haec
1703 995 1786 1024 re-

373 1057 492 1103 tulit.

889 1165 1045 1199 CAPUT
1070 1163 1255 1198 LXXXIV
1264 1190 1271 1199 .

867 1261 920 1295 De
937 1259 1081 1294 Valerio
1105 1259 1287 1305 episcopo.

438 1367 650 1414 Valerius
671 1367 838 1415 beatus
862 1369 1119 1427 confessor,
1147 1369 1579 1415 Consoranensium
1607 1367 1787 1431 primus

375 1444 651 1508 episcopm,
696 1445 789 1492 hoc
827 1462 877 1492 se
914 1445 1134 1493 revelavit
1172 1446 1334 1492 modo.
1377 1448 1493 1492 Nam
1529 1443 1787 1490 oratorium

375 1538 516 1584 super
534 1539 583 1568 se
607 1533 931 1569 constructum
957 1524 1085 1587 prius
1106 1522 1299 1581 liabuit3
1335 1522 1415 1569 sed
1446 1538 1530 1586 per
1559 1521 1789 1567 incuriam

379 1614 542 1658 ruens,
579 1598 805 1645 oblivioni
837 1599 1000 1646 datum
1033 1609 1102 1646 est
1135 1617 1232 1664 quo
1268 1600 1314 1645 in
1351 1599 1458 1645 loco
1493 1598 1784 1661 quiesceret:

378 1673 470 1720 hoc
506 1684 689 1721 tantum
729 1676 789 1722 ab
827 1676 994 1722 incolis
1030 1676 1280 1732 ferebatur,
1322 1674 1452 1738 quod
1488 1674 1646 1720 fuisset
1683 1683 1789 1719 ante

377 1761 591 1797 sanctum
613 1751 757 1799 altare
781 1752 1006 1817 sepultus.
1046 1753 1308 1799 Adveniens
1331 1762 1488 1799 autem
1510 1750 1791 1796 Theodorus

377 1828 625 1892 episcopus
663 1830 871 1876 oratorio
911 1831 1013 1894 ipso
1052 1830 1096 1875 in
1137 1830 1303 1892 majori
1341 1828 1492 1893 spatio
1532 1826 1788 1891 ampliato,

379 1922 598 1967 magnam
621 1907 773 1952 effecit
795 1906 1032 1953 basilicam
1053 1925 1063 1953 :
1087 1907 1259 1953 deinde
1279 1916 1493 1952 sanctum
1512 1903 1792 1951 venerabilis

379 1983 464 2027 viri
490 1999 665 2047 corpus
693 1984 953 2046 inquirens,
993 1984 1166 2047 reperit
1195 1983 1292 2029 duo
1325 1981 1556 2046 sepulcra,
1595 1979 1678 2026 sed
1711 1996 1790 2025 ne-

378 2060 554 2106 sciebat
588 2061 693 2123 quis
726 2069 845 2106 esset
881 2059 1135 2106 sacerdotis
1170 2059 1292 2105 illius
1329 2076 1355 2105 e
1393 2059 1599 2105 duobus.
1639 2059 1786 2116 Tunc,

377 2146 640 2182 convocato
674 2136 819 2195 cler0,
853 2136 1031 2198 vigilias
1060 2145 1158 2181 tota
1189 2135 1394 2181 celebrat
1430 2144 1587 2191 nocte,
1621 2133 1791 2197 depre-

378 2229 490 2258 cans
517 2223 566 2258 ut
589 2212 677 2258 sibi
706 2212 872 2258 beatus
901 2211 1143 2258 confessor
1164 2229 1263 2275 quo
1295 2213 1340 2258 in
1373 2211 1481 2257 loco
1503 2211 1677 2274 jaceret
1710 2225 1790 2255 ex-

382 2298 594 2353 poneret,
620 2289 922 2352 implevitque
939 2288 1056 2334 duas
1074 2288 1304 2352 ampullas
1325 2289 1454 2342 vino,
1472 2297 1519 2333 et
1536 2287 1695 2350 posuit
1715 2303 1790 2332 su·

382 2382 465 2429 per
486 2365 862 2428 unumquodque
886 2365 1139 2423 tumulum,
1160 2365 1322 2411 dicens
1341 2383 1350 2410 :
1378 2384 1399 2406 rt
1418 2367 1467 2409 [n
1489 2380 1588 2427 quo
1618 2363 1795 2410 falerna

384 2443 552 2489 fuerint
587 2443 835 2506 ampliata,
869 2443 1020 2505 ipsam
1057 2442 1356 2488 manifestum
1393 2441 1449 2487 sit
1489 2457 1588 2486 esse
1624 2439 1794 2486 Valerii

382 2520 595 2566 antistitis
618 2519 959 2582 sepulturam».
988 2522 1103 2565 Data
1127 2535 1240 2565 vero
1264 2519 1368 2565 luce
1394 2534 1604 2581 egressus
1626 2517 1686 2563 de
1706 2516 1793 2563 ba-

382 2596 533 2652 silica,
563 2605 607 2641 et
639 2596 769 2642 ostiis
791 2595 949 2657 sigillis
973 2596 1187 2652 munitis,
1217 2595 1346 2641 dedit
1369 2595 1582 2641 membra
1607 2593 1789 2657 sopori.

382 2674 584 2734 Surgens
615 2682 772 2718 autem
805 2672 865 2718 ad
893 2671 1061 2718 horam
1095 2664 1306 2730 tertiam,
1328 2672 1457 2717 venit
1491 2670 1552 2717 ad
1581 2678 1795 2716 sanctam

386 2744 643 2802 basilicam,
661 2749 872 2795 reseratis
891 2749 1034 2805 ostiiS,
1053 2765 1162 2794 cum
1180 2748 1308 2811 clero
1330 2759 1373 2794 et
1394 2747 1596 2813 populp3
1622 2746 1796 2811 reperit

385 2824 642 2888 ampullam
674 2841 817 2871 unam
856 2840 1111 2887 parumper
1145 2825 1241 2871 vini
1275 2824 1563 2880 habentem3
1597 2803 1792 2870 alssram

1427 2903 1432 2926 l
