2054 3450
392 339 468 375 252
908 339 1036 374 VITAE
1063 339 1280 376 PATRUM.

391 441 703 485 sacraremus,
732 424 791 471 de
815 424 1096 488 supradictis
1126 424 1332 488 reliquiis
1359 436 1520 473 sancto
1544 426 1677 475 altari
1698 427 1797 474 col-

390 502 650 549 locavimus
675 522 686 547 .·
718 502 767 547 in
799 517 892 565 qua
923 501 1118 548 ecclesia
1144 502 1310 566 saepius
1331 502 1478 549 virtus
1499 505 1690 550 Domini
1717 521 1800 569 per

391 578 583 626 beatum
629 578 952 625 manifestatur
996 579 1266 625 antistitem.
1316 579 1598 642 Nuperrimo
1643 590 1799 626 autem

394 666 634 720 tempore,
677 655 894 702 mulieres
932 654 1147 718 quaedam
1178 664 1351 701 vexatae
1385 671 1413 702 a
1447 654 1708 713 daemonio,
1746 674 1802 704 ex

395 732 598 779 termino
638 732 845 794 Biturigo
880 732 1149 788 venientes,
1189 741 1282 778 tres
1318 748 1549 791 numero,
1591 732 1706 779 dum
1743 733 1803 780 ad

394 809 638 857 basilicam
677 809 823 856 sancti
861 809 1049 855 Martini
1090 807 1455 867 deducerentur,
1499 808 1622 855 hanc
1656 809 1803 856 ‹eccle-

394 886 510 932 siam
535 895 646 933 sunt
674 886 891 948 ingressae
919 903 929 931 ε
957 885 1082 932 illico
1112 885 1285 933 collisis
1318 885 1364 931 in
1395 901 1443 931 se
1466 885 1656 949 palmiS,
1689 885 1804 932 dum

393 963 540 1008 sancti
564 963 728 1009 Nicetii
763 962 1021 1009 faterentur
1044 979 1092 1009 se
1121 962 1373 1009 virtutibus
1403 963 1622 1023 cruciari,
1657 963 1807 1028 proji-

394 1038 569 1085 cientes
594 1038 653 1085 ab
674 1055 756 1086 ore
778 1040 936 1085 nescio
960 1039 1077 1103 quid
1101 1039 1407 1103 purulentum
1433 1056 1544 1086 cum
1562 1040 1803 1104 sauguine,

394 1114 455 1163 ab
485 1115 687 1163 obsessis
717 1115 956 1181 spiritibus
981 1116 1198 1179 protinus
1236 1125 1346 1164 sunt
1380 1116 1632 1163 mundatae.
1670 1116 1806 1163 Dado

396 1209 518 1239 unus
550 1209 603 1239 ex
642 1192 714 1238 his
743 1192 1052 1257 pagensibus,
1089 1209 1198 1239 cum
1231 1193 1278 1239 in
1308 1191 1564 1239 hostilitate
1596 1192 1674 1238 illa
1705 1209 1807 1255 quae

395 1269 522 1333 apud
547 1271 796 1316 Convenas
817 1279 922 1316 acta
946 1279 1014 1316 est
1039 1269 1329 1328 accessisset,
1368 1278 1413 1315 et
1443 1268 1723 1333 plerumque
1759 1270 1806 1314 in

397 1345 614 1409 periculis
641 1346 805 1392 mortis
834 1346 1055 1405 irrueret,
1090 1347 1219 1392 vovit
1241 1355 1292 1392 ut
1317 1346 1355 1391 si
1378 1346 1576 1392 domum
1604 1355 1808 1392 reverte-

395 1432 523 1468 retur
538 1422 803 1482 incolumis,
819 1422 879 1469 ad
895 1432 1204 1470 memoratam
1218 1421 1464 1469 ecclesiam
1481 1420 1808 1468 exornandam

397 1500 444 1545 in
474 1498 657 1545 bonore
682 1498 806 1546 beati
836 1500 1003 1546 Nicetii
1033 1500 1189 1563 aliqua
1223 1516 1277 1545 ex
1310 1498 1383 1544 his
1410 1514 1513 1562 quae
1545 1497 1810 1560 acquisierit

398 1575 658 1637 largiretur.
690 1575 889 1621 Rediens
924 1576 1064 1638 igitur
1095 1575 1217 1622 duos
1248 1574 1415 1622 calices
1447 1583 1690 1636 argenteos
1722 1573 1808 1620 de-

398 1653 524 1711 tulit,
551 1652 775 1715 vovitque
797 1652 967 1698 iterum
994 1652 1041 1698 in
1062 1652 1250 1710 itinere,
1278 1661 1330 1698 ut
1350 1651 1439 1697 hos
1462 1650 1668 1698 ecclesiae
1694 1666 1809 1696 con-

399 1729 559 1785 ferret,
599 1729 633 1775 si
680 1728 741 1775 ad
779 1729 970 1793 propria
1011 1745 1171 1792 sospes
1203 1727 1462 1775 accederet.
1504 1728 1573 1774 Ad
1613 1727 1811 1774 domum

399 1805 540 1868 igitur
579 1805 838 1863 accedens,
887 1823 1037 1852 unum
1080 1804 1413 1852 tantummodo
1456 1804 1614 1860 dedit,
1667 1803 1812 1854 alium

400 1881 616 1928 fraudare
647 1882 945 1945 procuravit,
978 1881 1095 1928 dans
1124 1881 1476 1945 coopertorium
1501 1880 1814 1927 Sarmaticum

400 1974 496 2020 quo
538 1958 680 2004 altare
721 1958 1017 2004 dominicum
1054 1974 1163 2003 cum
1199 1957 1520 2004 oblationibus
1560 1965 1810 2019 tegeretur.

399 2034 630 2097 Apparuit
651 2044 811 2081 autem
834 2035 935 2080 viro
959 2034 1029 2080 vir
1047 2033 1214 2079 beatus
1230 2049 1314 2097 per
1333 2033 1590 2087 somnium,
1615 2033 1777 2078 dicens
1798 2050 1807 2077 :

402 2113 712 2174 «Quousque
750 2109 963 2168 dubitas,
1002 2120 1046 2156 et
1080 2118 1246 2156 votum
1283 2110 1478 2174 implere
1518 2108 1814 2155 dissimulas?

404 2185 552 2246 Vade,
580 2187 760 2251 inquit,
790 2196 836 2233 et
863 2188 1057 2233 calicem
1081 2178 1280 2233 alterum
1302 2202 1445 2249 quem
1473 2186 1638 2232 vovisti
1668 2184 1814 2232 redde

400 2253 633 2323 ecclesiae,
672 2280 732 2310 ne
764 2278 928 2327 pereas
960 2273 1013 2309 tu
1043 2273 1090 2308 et
1119 2263 1290 2309 domus
1314 2272 1396 2308 tua
1422 2280 1432 2308 ι
1460 2261 1813 2326 coopertorium

401 2356 530 2395 vero,
561 2340 670 2403 quia
703 2351 869 2387 rarum
885 2349 979 2398 est,
1015 2356 1114 2385 non
1144 2348 1348 2404 ponatur
1375 2355 1516 2403 super
1537 2353 1733 2384 munera
1755 2336 1817 2383 al-

403 2418 538 2476 taris,
574 2417 685 2480 quia
721 2434 818 2463 non
855 2416 1025 2463 exinde
1060 2417 1120 2463 ad
1158 2417 1298 2481 plene
1335 2418 1503 2479 tegitur
1542 2414 1814 2478 mysterium

401 2494 615 2557 corporis
641 2495 975 2557 sanguinisque
1008 2492 1250 2539 dominici.
1281 2515 1302 2535 υ
1341 2496 1397 2539 At
1431 2493 1506 2539 ille
1541 2491 1810 2549 exterritus,

403 2570 520 2616 nihil
558 2580 793 2630 moratus,
833 2580 996 2616 votum
1033 2569 1164 2633 quod
1197 2579 1390 2616 voverat
1412 2569 1633 2616 velociter
1658 2567 1815 2614 adim-

404 2646 563 2709 plevit.
593 2647 742 2709 Hujus
772 2646 979 2693 hominis
1009 2646 1148 2692 frater
1179 2646 1240 2692 ad
1268 2645 1446 2707 vigilias
1472 2644 1697 2691 dominici
1731 2646 1818 2689 Na-

406 2722 509 2768 talis
532 2722 747 2782 advenit,
776 2723 1057 2786 monuitque
1083 2721 1436 2785 presbyterum,
1470 2721 1631 2767 dicens
1659 2736 1669 2766 :
1697 2739 1719 2762 (ε
1745 2719 1817 2765 Vi-

408 2798 602 2863 gilemus
626 2800 911 2846 unanimiter
930 2799 991 2846 ad
1013 2799 1256 2845 ecclesiam
1277 2799 1386 2859 Dei,
1407 2808 1548 2861 atque
1567 2813 1816 2844 exoremus
