2054 3450
421 346 468 382 48
782 347 844 381 DE
872 346 1055 382 GLORIA
1086 348 1208 384 CONF
1215 349 1436 386 ieSSORUM
1444 378 1452 388 .

417 430 487 476 bis
510 431 758 494 episcopus
781 440 849 477 est
874 432 1100 496 sepultus,
1136 433 1210 479 cui
1241 435 1417 481 crimen
1449 436 1662 483 adulterii
1701 453 1816 483 saeva

416 507 701 570 populorum
727 506 896 570 objecit
922 509 1118 556 insania.

950 673 1105 707 CAPUT
1129 673 1276 709 LXXV.

903 769 954 801 De
973 768 1100 802 Riticio
1120 768 1284 815 episcopo
1298 769 1323 802 ¹.

475 880 572 926 Sed*
596 881 705 944 quia
739 880 798 926 de
833 880 905 926 his
940 880 1116 944 aliquid
1153 881 1371 945 proloqui
1401 881 1549 944 juvat,
1592 882 1719 945 prius
1757 883 1815 928 de

409 966 570 1003 sancto
592 957 796 1011 Ritici0²‚
824 958 930 1020 quia
963 958 1091 1020 prior
1113 957 1247 1013 obiit,
1275 974 1431 1003 sermo
1456 957 1703 1004 habendus
1726 968 1811 1005 est.

410 1034 512 1079 Fuit
537 1042 694 1080 autem
719 1033 1020 1079 nobilissimis
1041 1033 1314 1098 parentibus
1343 1045 1388 1080 et
1417 1035 1676 1081 litterarum
1700 1051 1813 1093 acu->

409 1110 535 1155 mine
555 1110 723 1166 clarus,
759 1111 858 1173 qui,
896 1120 1125 1157 transacta
1160 1110 1490 1167 adolescentia,
1531 1128 1725 1158 uxorem
1755 1113 1814 1158 si-

410 1186 505 1232 mili
526 1204 713 1233 morum
733 1187 977 1233 honestate
1002 1187 1268 1252 praeclaram
1293 1188 1482 1234 sortitus
1506 1198 1574 1234 est
1593 1205 1702 1241 cum
1721 1205 1814 1252 qua

407 1263 622 1327 spiritalis
647 1263 910 1310 dilectionis
938 1264 1258 1319 conhibentia,
1287 1280 1382 1309 non
1407 1264 1588 1319 luxuria
1620 1265 1813 1329 copula-

407 1348 498 1385 tur.
528 1342 825 1386 Concurrunt
857 1341 1179 1402 eleemosynae,
1218 1340 1380 1403 vigiliae
1411 1339 1726 1399 celebrantur,
1768 1352 1810 1388 et

407 1432 525 1479 opus
549 1417 632 1463 Dei
662 1434 742 1480 per
765 1434 845 1463 eos
868 1417 1202 1464 incessabiliter
1223 1427 1478 1463 exercetur.
1504 1418 1650 1481 Igitur
1674 1417 1811 1481 longa

405 1503 508 1556 post
548 1503 761 1557 tempora
802 1494 969 1540 mulier
1005 1494 1245 1540 declinans
1284 1503 1423 1557 caput
1465 1494 1521 1539 ad
1566 1494 1808 1553 lectulum,

405 1568 528 1616 beati
566 1571 645 1615 viri
684 1570 876 1616 auribus
911 1581 1116 1617 extrema
1155 1570 1330 1635 profert
1375 1570 1535 1628 verba,
1582 1570 1743 1618 dicens
1797 1590 1806 1617 :

409 1648 706 1709 «Deprecor,
739 1646 943 1709 piissime
965 1646 1120 1704 frater,
1151 1655 1198 1691 ut
1219 1656 1324 1710 post
1349 1646 1602 1692 discessum
1633 1663 1806 1704 meum,

407 1739 629 1785 percurso
651 1724 734 1769 aevi
758 1733 989 1787 tempore,
1018 1725 1061 1769 in
1090 1723 1168 1769 illo
1191 1740 1287 1787 quo
1317 1739 1403 1786 ego
1425 1724 1634 1770 collocor
1659 1724 1814 1789 sepul-

403 1816 485 1844 cro
506 1800 712 1863 ponaris,
742 1809 791 1846 ut
814 1816 934 1862 quos
955 1801 1092 1847 unius
1116 1801 1336 1846 castitatis
1358 1800 1548 1846 dilectio
1579 1818 1675 1847 uno
1701 1818 1811 1848 con·

403 1876 603 1922 servavit
628 1877 673 1921 in
697 1885 821 1935 toro,
845 1877 983 1922 unius
1008 1878 1203 1923 retineat
1227 1876 1427 1939 sepulcri
1450 1878 1761 1923 consortium.
1784 1896 1805 1919 »ι

404 1953 510 1997 Haec
544 1952 698 2009 effata,
736 1952 997 2009 lacrymans
1034 1953 1246 2016 spiritum
1284 1952 1436 1998 emisit
1470 1953 1528 1999 ad
1563 1952 1723 1999 coelos.
1757 1956 1807 1999 At

406 2028 593 2074 Riticius
623 2029 944 2092 episcopatum
979 2028 1432 2091 Augustodunensis³
1469 2028 1595 2075 urbis
1631 2029 1809 2093 populo

402 2103 600 2168 eligente
620 2106 810 2151 sortitur
837 2123 846 2150 ε
874 2106 953 2168 qui
978 2106 1116 2152 talem
1138 2122 1186 2151 se
1205 2104 1403 2170 praebuit
1421 2106 1467 2151 in
1486 2106 1729 2168 religione,
1758 2117 1808 2152 ut

405 2197 592 2227 morum
627 2181 812 2228 bonitas
847 2182 1145 2246 pontificatus
1173 2183 1327 2246 gratiae
1358 2193 1636 2245 aequaretur,
1673 2192 1720 2229 et.
1748 2182 1807 2229 ad

402 2258 528 2305 diem
550 2258 706 2305 obitus
723 2276 804 2322 per
824 2259 1033 2306 diversos
1046 2261 1298 2322 gratiarum
1314 2260 1623 2324 spiritualium
1639 2259 1809 2322 gradus

405 2336 541 2400 plena
582 2336 864 2399 perfectione
908 2336 1410 2399 consummationeque
1458 2336 1654 2382 veniret.
1700 2338 1807 2393 Quo

402 2413 564 2459 abluto
593 2423 637 2459 et
674 2430 813 2476 super
846 2413 1067 2459 feretrum
1100 2413 1273 2476 posito,
1303 2429 1494 2458 movere
1526 2414 1678 2476 ipsum
1709 2429 1805 2458 non

403 2501 582 2553 queunt
609 2489 763 2536 officia
798 2490 1142 2536 famulantium.
1171 2492 1302 2535 Tunc
1331 2490 1379 2535 in
1409 2499 1601 2553 stupore
1639 2490 1807 2536 mentis

455 2645 509 2690 (1)
535 2645 594 2680 De
606 2647 734 2681 sancto
745 2645 899 2694 prefate
913 2642 1013 2679 urbis
1030 2647 1141 2691 epis„
1159 2644 1254 2680 2791
1268 2670 1277 2679 .
1291 2644 1395 2678 Retio
1411 2650 1448 2689 et
1460 2641 1519 2678 inf
1521 2671 1529 2680 .
1547 2644 1670 2678 Ritius
1681 2640 1802 2681 Cl.-F.

454 2703 508 2748 (Ξ)
537 2701 644 2739 Colb.
669 2711 755 2747 tut.‚
780 2705 920 2747 Aria-io,
942 2709 978 2738 et
998 2701 1098 2739 infra
1116 2703 1278 2739 Aricius.
1300 2704 1381 2749 (R.)
1398 2721 1449 2728 —
1468 2702 1571 2737 2205
1595 2702 1747 2738 lie-ticio.
1799 2738 1802 2739 γ

454 2762 506 2805 (3)
533 2762 858 2810 Agttstitlonenm's,
889 2762 1016 2807 22043
1043 2761 1375 2810 Agustunensis,
1398 2760 1524 2813 22Ἀο5;
1557 2760 1810 2808 Augustudu-

400 2822 536 2867 nensis,
558 2821 653 2856 2791
673 2834 683 2867 ;
708 2821 998 2870 Adgustunensis
1017 2819 1141 2858 Cl.-F.
