2054 3450
393 318 470 356 218
611 353 617 361 θ
730 314 739 322 ’
907 315 1034 351 VITAE
1059 313 1277 352 PATRUM.

396 404 768 470 Epiphaniorum
801 402 864 450 ad
898 402 1132 448 civitatem
1163 403 1398 466 Lingonas
1428 403 1729 463 ambulasset,
1767 421 1794 451 a

393 480 581 527 modica
616 479 742 527 febre
780 478 1008 545 pulsatus,
1052 478 1216 526 relicto
1258 479 1428 527 saeculo
1473 481 1687 545 migravit
1732 481 1794 529 ad

392 557 631 604 Christum
658 575 667 603 :
695 556 829 620 cujus
854 556 992 604 beata
1026 555 1166 602 facies
1197 559 1262 603 ita
1289 566 1388 603 erat
1410 557 1794 623 glorificata'post

391 635 637 686 transitum
670 643 716 680 ut
747 633 864 680 rosis
892 632 1053 679 similis
1083 642 1372 680 cerneretur.
1403 636 1512 680 Haec
1544 635 1672 681 enim
1701 650 1794 699 ap-

393 710 586 775 parebat
616 710 779 772 rubea,
814 709 1051 773 reliquum
1082 725 1196 756 vero
1224 725 1400 774 corpus
1427 719 1654 774 tanquam
1680 726 1792 758 can-

391 787 509 834 dens
530 787 680 834 lilium
702 785 976 850 refulgebat,
1002 795 1055 832 ut
1075 786 1326 833 aestimares
1349 802 1461 834 eum
1479 786 1577 849 Jam
1599 795 1713 833 tunc
1733 785 1796 835 ad

391 865 556 911 futurae
576 863 927 910 resurrectionis
947 863 1145 925 gloriam
1163 872 1492 928 praeparatum.
1513 862 1657 921 Quod
1674 862 1796 910 defe-

391 951 545 987 rentes
575 940 635 987 ad
665 950 871 987 castrum
901 940 1188 986 Divionense
1219 939 1301 986 ubi
1334 955 1383 986 se
1414 939 1611 1002 jusserat
1635 949 1794 986 tumu-

391 1018 494 1078 lari,
521 1017 568 1063 in
599 1016 847 1081 campania
874 1016 953 1063 illa
979 1032 1082 1081 quae
1109 1031 1138 1062 a
1164 1025 1295 1080 parte
1328 1015 1570 1080 Aquilonis
1597 1015 1797 1063 habetur

390 1093 520 1141 haud
547 1094 714 1158 procul
743 1109 769 1140 a
795 1103 949 1140 castro
977 1102 1212 1156 aggravat,
1245 1101 1498 1156 gestatores
1528 1108 1627 1139 non
1657 1091 1794 1139 susti-

390 1180 555 1218 nentes
585 1169 806 1217 seretrum
836 1170 938 1217 solo
973 1169 1314 1235 deposuerunt,
1350 1169 1510 1233 ibique
1541 1185 1798 1234 parumper

389 1256 678 1293 resumentes
705 1247 847 1307 vires,
879 1256 925 1293 et
949 1256 1055 1311 post
1078 1245 1322 1309 paululum
1348 1245 1609 1305 elevantes,
1633 1244 1695 1292 ad
1717 1246 1796 1292 in-

390 1334 738 1370 tramuraneam
761 1323 1005 1371 ecclesiam
1019 1326 1030 1348 ¹
1048 1339 1158 1369 eum
1180 1322 1468 1370 detulerunt.
1493 1323 1793 1370 Advenienti-

388 1400 478 1447 bus
500 1411 656 1448 autem
682 1401 848 1464 quinto
877 1400 953 1447 die
975 1401 1226 1465 episcopis,
1253 1399 1313 1446 ab
1335 1399 1532 1447 ecclesia
1553 1399 1614 1446 ad
1635 1398 1793 1446 basili-

388 1494 494 1525 cam
516 1478 640 1525 beati
657 1478 874 1524 Joannis²
890 1476 1210 1535 deferebatur3
1237 1485 1282 1522 et
1303 1492 1414 1522 ecce
1435 1477 1580 1522 vincti
1599 1477 1798 1523 carceris

388 1554 450 1601 ad
478 1554 668 1601 beatum
688 1570 861 1618 corpus
883 1553 1086 1600 clamare
1109 1561 1370 1616 coeperunt,
1397 1552 1607 1599 dicentes
1627 1571 1637 1598 :
1664 1572 1688 1595 α
1710 1551 1798 1599 Mi-

388 1648 540 1678 serere
573 1631 740 1689 nostri,
774 1631 981 1695 piissime
1010 1630 1204 1690 domne,
1232 1639 1283 1676 ut
1305 1646 1425 1692 quos
1449 1630 1612 1676 vivens
1638 1630 1684 1676 in
1710 1645 1794 1676 sae-

388 1708 497 1754 culo
516 1724 614 1754 non
637 1707 895 1767 absolvisti,
915 1707 990 1753 vel
1006 1706 1254 1762 defunctus
1269 1707 1456 1754 coeleste
1472 1723 1672 1770 regnum
1689 1723 1796 1771 pos·
1846 1704 1849 1711 ’

388 1784 545 1831 sidens
579 1784 786 1847 digneris
828 1784 1094 1840 absolvere;
1136 1784 1270 1831 visita
1303 1800 1408 1842 nos,
1441 1800 1724 1846 quaesumus,
1749 1793 1796 1830 et

389 1863 608 1909 miserere
629 1862 796 1908 nostri.
818 1880 841 1904 »
859 1864 966 1908 Haec
988 1871 1034 1908 et
1055 1861 1145 1909 alia
1167 1860 1255 1907 illis
1276 1860 1607 1920 clamantibus,
1629 1876 1797 1924 aggra-

388 1947 549 1985 vatum
578 1948 647 1985 est
671 1954 844 2002 corpus
867 1938 932 1984 ita
957 1947 1009 1983 ut
1044 1938 1199 2002 ipsum
1226 1937 1412 2002 penitus
1443 1937 1671 1984 sustinere
1695 1953 1794 1984 non

388 2024 596 2079 possent.
621 2018 752 2061 Tunc
769 2024 1000 2079 ponentes
1024 2014 1246 2060 feretrum
1264 2030 1406 2079 super
1427 2023 1615 2073 terram,
1647 2014 1792 2060 virtu-

388 2101 481 2137 tem
518 2091 642 2138 beati
676 2091 892 2138 antistitis
922 2090 1329 2154 praestolabantur.
1370 2090 1451 2137 His
1484 2106 1596 2152 ergo
1629 2106 1792 2154 exspe-

387 2167 640 2226 ctantibus,
674 2167 830 2214 subito
864 2168 1076 2214 reseratis
1107 2167 1304 2214 carceris
1338 2167 1486 2227 ostiiS,
1526 2165 1680 2213 trabes
1713 2165 1794 2213 illa

388 2261 481 2308 qua
499 2245 764 2291 vinctorum
782 2243 926 2308 pedes
939 2243 1318 2304 coarctabantur,
1338 2242 1535 2308 repulsis
1558 2242 1791 2303 obicibus,

388 2321 616 2369 scinditur
648 2320 825 2381 media,
862 2320 1206 2384 confractisque
1235 2319 1411 2366 catenis
1434 2335 1601 2366 omnes
1622 2319 1795 2384 pariter

389 2398 711 2445 dissolvuntur
734 2407 779 2444 et
801 2397 862 2444 ad
891 2397 1085 2444 beatum
1113 2413 1304 2462 corpus,
1329 2397 1520 2444 nemine
1542 2397 1791 2461 retiQtQ

367 2476 671 2540 perveniunt
695 2493 706 2521 :
732 2475 906 2522 dehinc
933 2475 1168 2522 elevantes
1201 2474 1425 2521 feretrum
1457 2466 1731 2537 gestatores,
1762 2473 1795 2519 ii

445 2677 482 2712 1.
512 2677 566 2712 Ea
589 2682 646 2712 est
663 2674 821 2711 ecclesia
839 2674 959 2712 saneti
975 2673 1156 2725 Stephani
1178 2672 1435 2711 Divionensis.
1456 2670 1542 2724 (R.)

441 2735 481 2772 2.
511 2734 764 2784 Interpolator
782 2733 823 2770 in
844 2733 1010 2771 editione
1026 2732 1218 2773 Bolland.:
1241 2734 1308 2770 Ad
1322 2735 1531 2782 antiquitus
1550 2739 1791 2768 constructam

388 2800 428 2828 et
446 2794 645 2842 sepulturis
660 2794 949 2842 Lingonensium
959 2793 1179 2842 pontificum
1198 2792 1426 2841 insignitam.
1450 2789 1538 2842 (R.)
