2054 3450
451 339 527 375 292
964 340 1091 376 VITAE
1118 339 1339 376 PATRUM.

450 425 633 471 mulum
662 425 983 473 confluebant.
1020 425 1228 472 Vacabat
1260 434 1419 472 autem
1445 426 1632 488 jejuniis
1665 435 1712 472 et
1741 441 1852 472 ora-

450 501 583 562 tioni,
610 518 697 549 nec
717 519 827 550 eum
846 502 905 550 ab
927 503 1017 550 hac
1035 518 1176 550 causa
1198 502 1291 549 ulla
1315 502 1564 549 mundanae
1580 502 1853 549 sollicitudi-

449 579 522 625 nis
546 580 731 627 occasio
754 580 984 646 impedire
1005 589 1208 645 poterat,
1234 580 1345 643 quia
1361 588 1526 644 praeter
1547 582 1702 626 Deum
1725 579 1854 626 aliud

450 655 567 703 nihil
591 656 813 705 habebat.

513 737 559 782 2.
595 736 706 781 Erat
720 744 878 782 autem
892 745 1006 781 tunc
1022 734 1248 799 temporis
1266 732 1396 798 apud
1413 735 1665 780 Arvernam
1687 732 1856 781 urbem

447 809 730 874 Sigivaldus²
754 827 925 875 magna
942 812 1155 876 potentia
1173 810 1413 875 praeditus,
1438 810 1487 855 in
1510 809 1643 872 cujus
1666 809 1855 857 servitio

446 896 547 934 erat
571 887 845 935 adolescens
877 888 1099 952 quidam,
1129 888 1324 934 nomine
1356 886 1627 947 Bracchio²,
1654 886 1785 949 quod
1807 887 1856 933 in

446 979 611 1010 eorum
646 964 806 1028 lingua
837 965 1170 1029 interpretatur
1204 964 1307 1010 Ursi
1341 963 1539 1010 catulus.
1569 965 1706 1010 Hunc
1729 973 1859 1010 ante-

444 1039 599 1108 dIctus
617 1042 690 1088 vir
705 1041 767 1088 ad
785 1041 1121 1107 capessendam
1143 1057 1402 1106 porcorum
1419 1040 1699 1087 silvestrIum
1718 1056 1855 1087 vena-

446 1118 624 1165 tionem
661 1118 915 1183 delegerat,
955 1118 1146 1182 ibatque
1177 1134 1287 1164 cum
1325 1117 1504 1180 ingenti
1540 1117 1855 1164 molossorum

444 1194 601 1255 turba,
629 1195 859 1242 circuiens
885 1195 1038 1254 silvas,
1062 1204 1108 1241 et
1131 1195 1169 1240 si
1192 1193 1315 1257 quid'
1332 1194 1529 1258 cepisset
1551 1192 1750 1239 domino
1773 1192 1856 1239 de-

444 1270 640 1318 ferebat.
679 1272 899 1330 Quadam
923 1288 1037 1318 vero
1067 1271 1144 1319 die
1173 1271 1291 1318 dum
1324 1287 1456 1317 suem
1492 1270 1710 1317 immensi
1742 1286 1856 1317 cor-

443 1347 574 1410 poris
609 1364 719 1395 cum
757 1348 846 1396 hac
878 1348 1149 1395 latrantium
1183 1346 1319 1395 turba
1354 1357 1736 1412 prosequeretur,
1781 1364 1860 1394 sus

443 1423 566 1471 intra
594 1434 726 1489 septa
758 1441 862 1488 quae
895 1424 1019 1471 circa
1055 1424 1273 1471 cellulam
1305 1434 1439 1470 erant
1474 1424 1622 1470 sancti
1645 1422 1855 1486 ingredi-

444 1510 522 1547 tur
543 1519 553 1547 :
574 1517 866 1565 prosequens
880 1518 993 1548 vero
1008 1516 1182 1548 canum
1201 1501 1339 1546 turba
1358 1516 1469 1546 cum
1491 1500 1680 1561 latratu,
1705 1517 1856 1564 usque

444 1577 506 1623 ad
544 1578 725 1624 aditum
765 1578 958 1624 accessit
989 1577 1224 1635 vestibuli,
1264 1593 1470 1641 moxque
1508 1577 1555 1623 in
1594 1577 1688 1623 suis
1726 1577 1858 1624 haesit

444 1655 648 1717 vestigiis
689 1671 777 1701 nec
807 1653 990 1718 ingredi
1021 1663 1091 1700 est
1121 1655 1347 1719 permissa
1380 1664 1486 1718 post
1517 1671 1668 1701 suem.
1714 1653 1858 1712 Quod

443 1747 643 1778 cernens
677 1726 997 1791 Bracchio,‘et
1024 1731 1207 1778 coelitus
1234 1731 1335 1778 haec
1358 1731 1567 1778 evenisse
1598 1730 1854 1792 admirans,

443 1807 505 1856 ad
541 1808 759 1856 cellulam
799 1809 947 1856 sancti
985 1825 1035 1855 se
1076 1808 1290 1868 confert,
1328 1808 1540 1872 viditque
1577 1824 1710 1854 suem
1749 1817 1858 1856 ante

444 1885 620 1932 ostium
653 1895 854 1933 stantem
883 1885 1001 1931 nihil
1032 1886 1220 1950 penitus
1251 1885 1602 1932 formidantem.
1628 1884 1856 1932 Consalu-

445 1971 566 2008 tatus
589 1972 747 2009 autem
771 1979 825 2009 ac
848 1962 1086 2009 osculatus
1109 1978 1137 2009 a
1159 1979 1289 2020 sene,
1314 1963 1540 2009 invitatur
1561 1961 1621 2008 ad
1645 1962 1856 2008 residen-

444 2037 579 2085 dum.
616 2038 799 2096 Quibus
829 2038 1214 2100 consedentibus,
1253 2039 1318 2085 ait
1354 2055 1493 2085 senex
1529 2057 1540 2084 :
1570 2057 1593 2081 ι(
1619 2037 1766 2084 Video
1787 2047 1851 2097 te,

446 2113 511 2161 fili
528 2115 842 2175 dilectissime,
868 2115 917 2161 in
932 2114 1097 2179 grandi
1116 2115 1345 2179 elegantia
1359 2115 1696 2180 compositum,
1717 2124 1763 2161 et
1782 2130 1854 2161 se·

443 2192 524 2255 qui
538 2208 593 2239 ea
607 2210 711 2256 quae
726 2193 872 2256 magis
891 2191 1227 2238 detrimentum
1242 2192 1412 2239 animae
1425 2200 1692 2256 praeparant
1709 2207 1854 2255 quam

443 2267 657 2316 salutem.
705 2269 958 2333 Relinque,
1000 2285 1183 2332 quaeso‚
1234 2279 1477 2316 terrenum
1519 2268 1769 2315 dominum
1807 2277 1854 2314 et

443 2362 638 2408 sequere
657 2350 812 2394 Deum
833 2362 1018 2406 verum,
1053 2345 1159 2392 coeli
1188 2355 1416 2411 terraeque
1441 2345 1686 2406 factorem,
1719 2344 1854 2408 cujus

443 2433 562 2470 nutu
590 2425 753 2471 omnia
776 2422 1117 2487 gubernantur,
1145 2423 1279 2485 cujus
1301 2422 1503 2488 imperio
1527 2414 1701 2470 cuncta
1728 2420 1851 2468 sub-

444 2500 638 2561 duntur,
672 2500 806 2564 cujus
835 2500 1072 2563 majestate
1094 2499 1197 2563 ipsa
1219 2516 1364 2563 quam
1385 2499 1537 2546 cernis
1558 2498 1708 2545 bestia
1730 2506 1850 2545 astat

498 2699 555 2752 (1)
584 2700 693 2740 Colb.
712 2709 750 2738 et
767 2700 906 2749 Laud„
925 2701 1181 2751 Sigiuvaldus.
1205 2694 1288 2751 β.)

497 2758 554 2810 (2)
585 2759 706 2826 Iidem
732 2759 845 2797 codd.
871 2759 939 2855 ‹Rii
958 2750 1110 2796 habent'
1130 2758 1193 2824 hic
1215 2766 1254 2795 et
1276 2757 1368 2796 alias
1394 2759 1598 2825 ’Bran-chiffl·
1618 2759 1848 2816 quandoque

445 2818 600 2854 Bracltio
611 2818 807 2862 exhibent.
823 2820 880 2856 Fu
925 2829 1064 2869 genere
1075 2817 1307 2868 Thormgus,
1323 2830 1369 2855 ex
1385 2817 1453 2855 hb.
1467 2820 1499 2855 V
1516 2820 1613 2857 H1st.
1627 2831 1660 2855 e.
1672 2831 1742 2856 xu.
1759 2817 1844 2870 (R.)
