2054 3450
374 322 450 358 110
734 320 801 355 DE
828 319 1015 356 GLORIA
1043 319 1412 358 CONFESSORUM.

373 417 565 472 opertus
600 407 834 469 tegmine3
866 407 1027 471 ibique
1064 408 1113 454 in
1153 407 1307 472 lapide
1340 409 1602 457 habebatur
1634 411 1778 475 scrip-

374 494 474 530 tum
497 503 507 529 :
533 502 556 528 «
573 484 659 530 Hic
680 484 930 548 requiescit
948 486 1231 531 Crescentia¹
1249 495 1424 533 sacrata
1448 489 1550 533 Deo
1571 486 1774 551 puella.)-

374 560 466 607 Sed
491 560 621 608 nulla
651 571 759 608 aetas
783 562 991 608 recolere
1016 571 1200 626 poterat
1225 562 1365 625 quale
1388 563 1432 609 ei
1465 563 1614 610 fuerat
1645 564 1780 610 meri·
1861 562 1866 565 ’

372 648 492 698 tum,
521 638 592 685 vel
617 637 732 702 quid
754 639 919 702 egisset
944 639 993 706 in
1024 638 1210 684 saeculo.
1247 641 1404 702 Nuper
1425 649 1582 686 autem
1606 655 1633 686 a
1660 656 1780 704 quo-

372 714 483 761 dam
512 715 682 762 clerico
715 716 809 762 hoc
847 715 1141 779 epitaphium
1174 714 1359 778 legitur.
1393 715 1644 778 instigante
1667 733 1778 763 vero

374 791 483 850 fide,
506 793 708 856 suspecti
738 802 848 839 sunt
880 791 1030 838 habiti
1052 792 1288 850 homines,
1315 791 1447 855 quod
1469 791 1648 855 aliquid
1669 809 1780 840 cum

373 867 536 915 divina
562 869 799 932 majestate
832 870 964 932 virgo
1000 869 1207 933 potuerit
1242 867 1473 915 obtinere.
1514 871 1641 915 Dum
1666 885 1780 915 vero

372 946 419 992 in
455 945 545 993 hac
579 946 846 1011 suspicione
875 947 1164 1011 penderent,
1202 946 1421 1008 quidam,
1465 962 1608 1010 quem
1639 945 1783 992 ardor

373 1022 581 1070 tertianae
599 1022 741 1069 febris
764 1026 873 1069 cum
897 1023 1024 1085 gravi
1046 1032 1252 1069 tremore
1281 1021 1493 1079 vexabat,
1519 1022 1638 1069 erasi
1658 1038 1687 1070 a
1707 1031 1781 1069 tu-

373 1099 503 1146 mulo
526 1117 694 1165 parum
718 1099 922 1164 pulveris
940 1099 1113 1158 haurit,
1135 1115 1357 1163 moxque,
1379 1098 1539 1146 sedato
1557 1109 1778 1158 tremore,

373 1177 628 1224 convaluit.
666 1177 1012 1240 vulgatumque
1048 1176 1248 1223 verbum
1280 1177 1562 1240 plerumque
1606 1176 1783 1240 profuit

374 1253 532 1300 multis
559 1254 607 1300 in
635 1254 722 1301 hac
754 1253 1025 1300 infirmitate
1048 1252 1262 1299 detentis.
1291 1252 1582 1300 Succedente
1609 1252 1781 1300 deinde

374 1339 611 1394 tempore,
644 1331 932 1377 monetarius
964 1329 1093 1375 urbis
1127 1329 1327 1392 graviter
1354 1338 1578 1392 aegrotare
1608 1329 1778 1392 coepit,

373 1407 451 1453 cui
481 1407 529 1452 in
563 1407 743 1454 visione
774 1407 929 1471 puella
960 1407 1206 1471 apparuit,
1235 1405 1426 1452 dicens:
1453 1426 1474 1448 «
1497 1405 1623 1452 Vade
1641 1440 1653 1464 ,
1689 1405 1777 1463 ait,

374 1484 653 1545 quantocius
682 1494 727 1530 et
754 1484 989 1530 tumulum
1012 1483 1286 1530 Crescentiae
1314 1482 1505 1544 virginis
1532 1492 1650 1546 tege.
1684 1483 1782 1528 Erit

373 1559 458 1605 tibi
480 1559 573 1606 hoc
597 1560 902 1623 adjutorium,
925 1577 985 1606 ne
1001 1577 1029 1607 a
1048 1559 1217 1611 morbo
1237 1575 1334 1623 quo
1356 1569 1520 1623 captus
1542 1575 1592 1605 es
1607 1559 1782 1606 diutius

374 1635 594 1699 fatigeris.
619 1655 642 1680 υ
667 1641 726 1684 At
751 1636 828 1683 ille
864 1635 1071 1683 confisus
1102 1635 1252 1682 calces
1281 1635 1491 1698 inquirit,
1521 1635 1783 1682 oratorium

373 1712 575 1778 desuper
594 1714 841 1772 construit,
869 1714 1178 1778 protinusque
1201 1713 1261 1758 ab
1285 1712 1555 1759 infirmitate
1582 1711 1778 1760 laxatur.

375 1789 467 1836 Sed
492 1801 542 1837 ut
566 1791 711 1838 virtus
745 1791 932 1854 virginis
962 1790 1011 1836 in
1037 1789 1291 1853 majoribus
1320 1789 1564 1836 efferretur
1587 1788 1783 1836 honori-

373 1866 490 1927 bus,
525 1868 715 1915 cuidam
750 1885 804 1914 ex
837 1867 956 1914 urbe
992 1867 1109 1913 dens
1146 1866 1440 1926 indoluerat,
1476 1867 1538 1913 ita
1570 1875 1621 1912 ut
1656 1866 1782 1912 intu-

375 1954 611 1991 mescente
634 1945 835 2000 maxilla,
868 1945 939 1990 vix
959 1944 1029 1990 vel
1055 1944 1207 1989 tenuis
1225 1943 1317 1990 cibi
1337 1959 1592 2006 parumper
1613 1957 1781 2006 capere

375 2031 547 2083 posset.
584 2022 737 2084 Pergit
757 2020 849 2066 fide
872 2021 1038 2084 plenus
1060 2019 1121 2066 ad
1143 2021 1400 2078 tumulum,
1435 2020 1647 2081 factaque
1669 2018 1778 2066 has-

375 2097 472 2144 tula
506 2115 599 2144 una
632 2098 691 2144 de
725 2108 857 2162 parte
892 2107 1029 2144 acuta
1050 2134 1062 2158 ,
1103 2106 1155 2143 ut
1191 2097 1238 2142 in
1273 2096 1492 2142 humanis
1528 2095 1690 2142 usibus
1720 2095 1781 2142 ad

377 2175 643 2238 purgandos
668 2175 831 2221 dentes
852 2173 953 2221 fieri
975 2173 1111 2229 solet,
1143 2190 1285 2237 super
1310 2172 1578 2237 sepulcrum
1613 2171 1780 2236 puellae

376 2252 525 2314 ponit.
554 2252 812 2315 Statimque
844 2260 895 2297 ut
927 2250 1095 2297 exinde
1121 2250 1313 2296 dentem
1349 2250 1430 2312 qui
1457 2248 1649 2295 dolebat
1675 2247 1782 2295 atti-

375 2329 454 2390 git,
479 2329 634 2375 omnis
655 2328 794 2374 dolor
813 2327 1072 2391 obstupuit.
1102 2330 1165 2373 Ex
1187 2327 1280 2374 hoc
1303 2336 1462 2373 autem
1480 2335 1677 2389 accepto
1701 2341 1781 2371 ex-

376 2406 657 2469 perimento,
692 2422 809 2468 quos
837 2405 917 2452 hic
945 2404 1082 2451 dolor
1113 2413 1279 2460 vexat,
1314 2403 1454 2466 hujus
1479 2402 1691 2465 virginis,
1731 2410 1782 2447 ut

377 2493 600 2547 expetunt
617 2484 846 2549 praesidia,
875 2500 985 2529 mox
1003 2491 1246 2529 sanantur.

430 2655 488 2708 (1)
520 2659 711 2695 Grisantia
731 2667 768 2696 et
784 2658 884 2696 infra
906 2661 1103 2707 Crisentie,
1121 2657 1246 2695 Cl.-F.
