2054 3450
469 336 544 372 35⁴2
986 336 1111 371 VITAE
1138 336 1296 371 PATRU
1305 337 1355 372 M.

470 424 705 480 restituar;
734 422 785 468 hi
817 431 974 468 autem
1004 423 1083 486 qui
1119 439 1194 469 me
1230 422 1520 486 reliquerunt
1554 440 1660 471 cum
1700 441 1871 488 magno

467 498 651 563 pudore
691 499 751 546 ad
797 515 871 544 me
910 498 1200 562 confugient.
1249 519 1270 541 »
1314 498 1668 546 Praestolabatur
1713 500 1871 565 itaque

466 576 694 623 diaconus
726 592 825 623 rem
858 577 1138 641 promissam
1168 576 1412 635 attonitus,
1449 576 1579 639 quod
1605 586 1766 640 postea
1800 587 1869 624 est

466 663 699 717 expertus.
740 652 1041 700 Illuccscente
1064 662 1220 699 autem
1243 652 1319 699 die
1343 653 1561 713 crastina,
1601 652 1755 700 subito
1787 653 1869 700 ad-

467 731 592 776 venit
611 730 789 792 legatus
817 729 1027 792 Sigiberti
1054 730 1173 793 regis
1196 746 1305 776 cum
1328 729 1508 788 litteris,
1550 729 1772 776 nuntians
1794 746 1869 777 re-

466 823 568 869 gem
582 806 839 852 Clotarium
855 823 955 853 esse
969 806 1265 866 defunctum,
1283 822 1426 868 seque
1441 822 1637 868 regnum
1656 805 1869 852 debitum

464 901 571 930 cum
594 884 801 947 episcopi
825 882 1051 931 charitate
1077 883 1250 930 debere
1277 883 1533 947 percipere.
1563 886 1668 929 Haec
1688 883 1765 930 ille
1787 899 1869 930 au-

464 960 598 1006 diens
632 960 688 1005 ad
730 960 972 1007 ecclesiam
1024 977 1281 1023 regressus,
1332 960 1552 1024 potestati
1594 960 1867 1018 restituitur,

464 1036 764 1099 confusisque
789 1035 862 1082 his
884 1052 912 1082 a
942 1035 1116 1099 quibus
1138 1036 1387 1082 derelictus
1419 1035 1584 1093 fuerat,
1622 1051 1788 1082 omnes
1822 1035 1869 1081 in

463 1111 687 1158 charitate
714 1113 903 1176 recepit.
929 1115 1032 1159 Jam
1057 1129 1167 1159 vero
1191 1129 1334 1176 quam
1359 1112 1489 1159 sortis
1512 1112 1648 1159 fuerit
1668 1111 1729 1158 ad
1753 1128 1875 1176 prae-.

463 1188 752 1249 dicandum,
803 1206 946 1252 quam
990 1189 1209 1236 terribilis
1252 1189 1312 1236 ad
1353 1189 1675 1252 arguendum,
1725 1204 1870 1252 quam

462 1275 684 1312 constans
717 1265 776 1312 ad
815 1266 1160 1324 sustinendum,
1187 1282 1330 1329 quam
1355 1266 1562 1330 prudens
1595 1266 1654 1312 ad
1688 1265 1868 1312 docen-

462 1342 595 1400 dum,
621 1343 726 1405 quis
753 1343 967 1389 evolvere
1001 1343 1171 1406 queat?
1195 1346 1326 1389 Unus
1350 1343 1475 1388 enim
1500 1343 1542 1388 ei
1565 1358 1749 1406 semper
1771 1352 1871 1388 erat

462 1421 586 1483 rigor
611 1421 657 1467 iu
682 1422 919 1485 prosperis
935 1431 979 1467 et
1003 1421 1231 1481 adversis;
1259 1437 1345 1467 nec
1370 1420 1661 1467 minitantem
1687 1419 1865 1480 timuit,

464 1513 550 1542 nec
577 1513 604 1543 a
627 1496 900 1543 blandiente
932 1497 1120 1543 delusus
1150 1507 1233 1542 est.
1266 1499 1379 1543 Nam
1401 1512 1526 1556 vere,
1556 1504 1606 1542 ut
1625 1494 1780 1542 aiebat
1801 1512 1870 1542 re-

463 1573 581 1618 lator
615 1572 692 1619 ille
722 1574 941 1635 (sanctus
967 1573 1188 1635 Aredius)
1230 1582 1546 1630 memoratus,
1583 1587 1751 1635 parum
1786 1571 1870 1619 fuit

460 1649 575 1712 quin
609 1651 740 1712 juxta
768 1649 967 1696 Paulum
995 1649 1262 1714 apostolum
1294 1665 1391 1695 non
1430 1649 1587 1695 suisset
1622 1648 1868 1711 injuriatus

461 1727 678 1790 periculis
707 1726 984 1783 fluminum,
1022 1726 1240 1790 periculis
1271 1727 1534 1786 latronum,
1567 1724 1787 1790 periculis
1818 1724 1866 1771 in

459 1803 667 1863 civitate,
697 1803 916 1866 periculis
940 1803 987 1849 in
1020 1803 1143 1850 salsis
1171 1801 1412 1862 fratribus,
1445 1811 1490 1848 et
1524 1801 1722 1866 reliqua.
1751 1803 1867 1848 Nam

459 1879 664 1942 quadam
690 1879 765 1926 die
788 1879 903 1926 dum
929 1879 1168 1937 Mosellam
1203 1879 1400 1925 fluvium
1437 1878 1624 1941 navigio
1655 1889 1867 1925 transna-

459 1966 593 2012 taret,
630 1957 750 2003 inter
774 1957 888 2020 pilas
914 1957 1070 2020 pontis
1106 1956 1336 2002 fluctuum
1368 1964 1498 2002 actus
1520 1953 1742 2019 impulsu,
1768 1953 1868 2018 pal-

459 2032 546 2078 mis
582 2042 764 2079 tantum
799 2033 901 2096 pilae
926 2033 1140 2088 adhaesit,
1178 2031 1299 2096 pede
1324 2031 1572 2078 continens
1598 2047 1792 2091 navem,
1821 2041 1868 2077 et

457 2110 522 2155 sic
539 2108 599 2156 ab
624 2109 915 2156 intuentibus
933 2109 1031 2171 jam
1050 2108 1111 2155 ad
1135 2109 1479 2155 demersionem
1500 2118 1689 2172 paratus
1707 2117 1867 2154 erutus

457 2195 553 2243 est,
588 2185 719 2248 quod
759 2189 855 2231 no'n
901 2186 1001 2231 sine
1042 2184 1284 2231 tentatoris
1322 2183 1501 2230 insidiis
1538 2201 1587 2230 se
1623 2183 1867 2247 pertulisse

459 2261 652 2307 serebat.
681 2261 772 2307 Sed
793 2271 839 2308 et
863 2262 962 2326 ipse
987 2260 1152 2308 auctor
1174 2261 1384 2306 criminis
1408 2260 1685 2324 plerumque
1711 2276 1760 2306 se
1786 2258 1869 2306 ob-

460 2337 637 2384 tutibus
665 2338 764 2401 ejus
800 2339 934 2401 quasi
969 2339 1212 2385 nociturus
1238 2337 1460 2384 ostendit.
1501 2337 1716 2401 Denique
1749 2336 1866 2384 dum
1930 2351 1941 2356 “

456 2416 662 2479 quadam
704 2416 780 2462 die
821 2417 908 2462 iter
944 2425 1117 2479 ageret,
1156 2415 1447 2462 descendens
1474 2414 1534 2462 ab
1565 2431 1708 2477 equo,
1747 2413 1869 2460 inter

457 2510 621 2557 vepres
645 2493 910 2541 condensas
937 2494 1111 2540 ventris
1134 2492 1366 2557 purgandi
1409 2492 1554 2554 gratia
1592 2500 1660 2538 est
1685 2491 1867 2553 ingres-

454 2587 533 2617 sus
556 2588 566 2616 ε
593 2580 639 2617 et
661 2587 771 2618 ecce
793 2571 961 2617 assistit
979 2571 1022 2617 ei
1039 2569 1206 2617 umbra
1226 2570 1482 2629 teterrima,
1502 2579 1624 2616 statu
1648 2583 1862 2632 procera,

455 2647 763 2694 crassitudine
787 2647 967 2705 valida,
996 2647 1156 2694 colore
1175 2657 1315 2706 tetra,
1339 2647 1588 2693 oculorum
1610 2644 1864 2691 scintillan-

457 2724 573 2769 tium
601 2725 968 2771 immensitatem
996 2725 1043 2770 in
1072 2723 1272 2770 modum
1297 2723 1416 2769 tauri
1442 2721 1692 2786 petulantis
1716 2720 1864 2768 habe-

458 2800 536 2846 bat
558 2836 569 2856 ,
616 2817 700 2846 ore
736 2800 897 2864 patulo
933 2800 1065 2862 quasi
1104 2800 1164 2846 ad
1199 2797 1554 2862 deglutiendum
1589 2797 1743 2843 virum
1778 2795 1864 2843 Dei
