2054 3450
421 353 469 388 40
780 348 846 386 DE
874 351 1057 388 GLORIA
1084 351 1452 389 CONFESSORUM.

421 441 539 502 regis
571 439 764 498 adsistit,
800 438 1007 485 clamans
1039 449 1086 485 et
1114 439 1365 486 obsecrans
1396 449 1448 485 ut
1482 456 1561 486 rex
1590 439 1652 487 ab
1681 439 1820 502 liujus

421 531 568 561 causae
588 514 823 561 audientia
843 515 1134 579 praesentiam
1154 531 1286 562 suam
1306 525 1550 576 averteret,
1570 533 1630 563 ne
1646 515 1820 563 coelesti

416 591 594 650 judicio
625 590 985 649 condemnetur,
1019 591 1199 638 addens
1225 610 1234 637 :
1268 613 1288 633 α
1307 592 1412 638 Scio
1445 592 1572 638 enim
1602 594 1819 639 virtutem

419 668 610 713 Metriae¹
633 668 719 714 viri
743 667 1027 732 beati‚quod
1052 667 1274 715 velociter
1292 669 1339 714 in
1366 684 1662 732 pervasorem
1684 685 1820 715 suum

421 745 591 806 irrogat
624 743 869 791 ultionem.
888 766 909 788 »
946 746 1160 808 Denique
1190 746 1431 807 conjuncti
1453 745 1689 791 auditores
1712 761 1821 792 cau-

419 838 517 868 sam
548 822 819 869 discutiunt.
848 822 1045 884 insurgit
1077 822 1384 881 CbildericuS,
1421 832 1559 885 atque
1582 822 1821 886 imprope-

420 914 526 944 rans
567 897 842 945 criminibus
879 909 1201 945 exacervatum
1242 899 1544 963 episcopum,
1586 898 1716 962 quod
1750 915 1823 945 res

421 974 515 1020 fisci
535 973 794 1020 ditionibus
809 974 988 1021 debitas
1006 974 1170 1037 iniquo
1194 976 1361 1022 ordine
1382 976 1619 1029 retineret,
1644 973 1823 1021 extrahi

419 1068 528 1098 eum
543 1052 588 1097 vi
605 1068 630 1097 a
650 1051 830 1114 judicio
848 1052 1004 1115 jubet;
1027 1064 1072 1100 et
1094 1062 1292 1110 tentum,
1312 1052 1465 1098 ablata
1491 1068 1574 1115 per
1591 1051 1822 1114 judicium

420 1128 718 1190 praesentium
742 1128 864 1188 villa,
892 1131 1111 1176 trecentis
1133 1130 1285 1176 aureis
1306 1128 1657 1175 condemnavit.
1687 1130 1824 1174 Fave-

421 1205 535 1251 bant
553 1205 594 1250 ei
619 1221 802 1263 omnes,
831 1222 918 1252 nec
941 1207 1188 1270 quisquam
1219 1215 1382 1251 contra
1406 1205 1695 1251 voluntatem
1725 1205 1824 1267 ejus

420 1281 621 1328 audebet
645 1281 914 1337 decernere,
950 1284 1037 1329 nisi
1070 1282 1200 1347 quod
1231 1281 1384 1328 eidem
1421 1282 1646 1328 libuisset.
1684 1282 1824 1327 Deni-

419 1375 512 1421 que
534 1358 878 1405 condemnatus
903 1361 1221 1424 spoliatusque
1245 1357 1463 1405 sacerdos
1487 1357 1547 1404 ad
1570 1357 1737 1404 urbem
1758 1374 1826 1404 re·

420 1435 520 1494 diit,
563 1444 703 1498 atque
737 1445 994 1499 prostratus
1026 1437 1072 1482 iu
1107 1437 1371 1482 orationem
1409 1451 1569 1481 coram
1608 1433 1824 1498 sepulcro

420 1511 583 1571 sancti,
610 1511 738 1558 dicto
758 1512 923 1576 psalmi
942 1513 1178 1577 capitello,
1206 1513 1268 1558 ait
1292 1530 1301 1557 :
1334 1533 1355 1554 (ι
1374 1514 1477 1558 Non
1503 1511 1578 1557 hic
1603 1510 1825 1558 accende-

419 1597 494 1633 tur
514 1588 691 1644 lumen,
717 1605 871 1652 neque
896 1589 1185 1653 psalmorum
1205 1588 1464 1634 modulatio
1485 1597 1696 1645 canetur,
1721 1588 1821 1650 glo-

420 1665 632 1710 riossime
660 1675 842 1724 sancte,
878 1667 965 1711 nisi
999 1666 1128 1730 prius
1164 1665 1399 1711 ulciscaris
1435 1681 1592 1711 servos
1626 1674 1734 1711 tuos
1765 1664 1824 1711 de

419 1741 620 1787 inimicis
657 1742 767 1802 suis,
810 1759 976 1806 resque
1009 1743 1093 1789 tibi
1126 1743 1354 1788 violenter
1394 1741 1572 1788 ablatas
1622 1741 1825 1788 ecclesiae

419 1828 589 1865 sanctae
613 1819 842 1866 restituas.
853 1840 874 1862 »
889 1822 995 1866 Haec
1007 1836 1115 1866 cum
1131 1818 1335 1865 lacrimis
1349 1818 1528 1878 effatus,
1545 1827 1699 1865 sentes
1715 1835 1822 1864 cum

419 1898 566 1942 acutis
600 1896 773 1943 aculeis
804 1914 945 1961 super
982 1897 1214 1943 tumulum
1252 1896 1471 1959 projecit3
1522 1912 1824 1958 egressusque

419 1972 586 2018 clausis
610 1973 738 2018 ostiis
761 1974 970 2020 similiter
994 1975 1037 2019 in
1066 1974 1276 2035 ingressu
1297 1972 1410 2019 alias
1431 1971 1694 2018 collocavit.
1731 1975 1824 2020 Nec

421 2064 571 2107 mora,
601 2049 853 2112 corripitur
876 2066 1099 2113 pervasor
1126 2066 1152 2096 a
1185 2049 1328 2107 febre,
1355 2047 1596 2094 decumbit
1630 2048 1819 2108 lectulo,

418 2126 635 2171 exhorret
674 2125 854 2181 cibum,
900 2126 1072 2173 fastidit
1107 2137 1152 2173 et
1189 2137 1371 2190 potum,
1411 2126 1588 2189 profert
1624 2136 1824 2172 aestuans

411 2201 521 2263 juge
538 2203 808 2265 suspirium.
836 2203 922 2248 Cui
945 2203 1085 2249 etiam
1103 2203 1142 2249 si
1157 2202 1218 2249 ab
1237 2202 1406 2248 ardore
1424 2202 1562 2248 febris
1585 2202 1821 2249 interdum

416 2278 514 2323 sitis
536 2278 796 2334 accederet,
825 2295 999 2342 aquam
1025 2289 1225 2336 tantum,
1258 2278 1374 2324 nihil
1396 2273 1534 2324 aliud„
1557 2277 1817 2325 hauriebat.

417 2354 543 2411 Quid
569 2354 738 2418 plura?
769 2358 819 2400 ln
852 2355 940 2402 hac
978 2357 1280 2418 aegrotatione
1315 2355 1548 2417 integrum
1584 2354 1710 2402 ducit
1742 2371 1820 2402 an·

416 2447 557 2482 num:
598 2432 679 2476 sed
714 2449 848 2477 mens
879 2448 1021 2498 prava
1051 2449 1147 2478 non
1183 2432 1399 2478 flectitur.
1438 2433 1619 2477 Interea
1654 2430 1824 2478 labitur

415 2508 622 2553 caesaries
643 2519 814 2555 cuncta
839 2526 946 2555 cum
973 2509 1140 2565 barba,
1167 2519 1211 2555 et
1234 2509 1299 2555 ita
1322 2524 1464 2554 omne
1480 2517 1621 2572 caput
1643 2518 1837 2553 reman-=

415 2585 472 2629 sit
496 2585 694 2640 nudum,
725 2596 775 2631 ut
791 2596 980 2649 putares
1003 2602 1114 2631 eum
1137 2585 1249 2631 olim
1272 2584 1527 2648 sepultum,
1556 2600 1708 2647 nuper
1729 2584 1821 2643 eje—

415 2669 546 2706 ctum
583 2661 720 2707 fuisse
757 2672 862 2725 post
894 2663 1055 2708 funera
1087 2662 1146 2707 de
1186 2662 1420 2725 sepulcro.
1458 2661 1538 2706 His
1575 2671 1619 2706 et
1653 2659 1822 2706 talibus

467 2827 520 2871 (1)
551 2827 693 2870 Mitt-ii,
716 2825 834 2863 2791.
