2054 3450
384 364 433 399 70
747 362 813 397 DE
841 360 1031 398 GLORIA
1059 360 1428 398 CONFESSORUM.

386 448 618 514 prehenso
650 447 864 509 vestigio,
897 455 943 492 et
966 446 1087 492 inter
1113 445 1293 492 infusos
1323 462 1446 509 aqua.
1473 447 1658 493 viarum
1695 456 1792 494 tra-

385 524 518 570 mites
547 539 603 570 ac
630 521 890 587 profundas
921 522 1006 568 luti
1030 521 1278 584 voragines
1309 520 1519 584 perdito,
1554 521 1616 568 ad
1645 522 1792 568 sancti

385 600 580 647 recurrit
597 599 884 664 sepulcrum,
916 599 1110 662 fusaque
1131 598 1363 655 oratione,
1385 597 1500 644 dum
1523 598 1582 645 de
1599 598 1791 646 basilica

383 678 540 725 fuisset
572 693 808 740 egressus,
836 676 1038 723 advertit
1069 676 1317 723 hominem
1344 691 1430 740 per
1455 691 1670 738 aggerem
1699 693 1791 740 pu-

382 754 559 802 blicum
581 755 867 812 venientem,
887 755 969 818 qui
987 753 1134 800 boves
1159 753 1260 800 illos
1284 761 1392 799 ante
1411 769 1461 799 se
1478 769 1590 799 cum
1608 752 1792 800 caballo

380 849 437 880 ex
476 833 642 880 itinere
681 832 855 878 lassum
897 847 1190 895 prosequens
1228 826 1514 877 adducebat.
1562 828 1794 876 Turbatus

381 910 507 956 enim
539 909 690 956 suerat
711 924 740 955 a
763 908 855 966 via,
882 918 928 955 et
950 909 1082 971 quasi
1106 924 1269 954 amens
1293 907 1440 954 factus
1463 908 1510 954 in
1538 906 1664 954 illam
1686 923 1794 972 par-

383 998 477 1034 tem
511 987 571 1034 de
600 1003 693 1050 qua
727 1003 938 1050 egressus
962 985 1134 1044 fuerat,
1163 995 1321 1032 mente
1353 983 1562 1044 turbata,
1588 983 1788 1031 redibat.

379 1064 728 1127 cognoscitque
749 1064 820 1109 vir
838 1062 914 1109 ille
941 1062 1089 1110 boves
1107 1078 1227 1126 quos
1247 1061 1544 1126 perdiderat:
1567 1061 1657 1107 hos
1678 1061 1775 1108 reci

383 1141 540 1206 piens,
580 1140 827 1188 hominem
859 1139 1040 1203 absque
1078 1139 1317 1186 calumnia
1352 1137 1507 1186 redire
1544 1138 1790 1202 permisit,

381 1218 492 1281 quia
527 1218 750 1280 cognovit
786 1217 881 1264 hoc
918 1216 1008 1264 sibi
1038 1233 1121 1280 per
1149 1216 1373 1263 virtutem
1409 1215 1559 1262 sancti
1596 1215 1793 1262 Mariani

383 1295 657 1359 praestitum,
674 1311 783 1341 cum
806 1295 854 1340 in
879 1293 958 1341 illa
977 1294 1096 1340 hora
1109 1293 1283 1358 reperit
1306 1291 1560 1357 perditum,
1584 1308 1678 1356 qua
1693 1292 1793 1355 ejus

383 1371 526 1419 adivit
561 1370 853 1435 plenusssfide
887 1372 1154 1436 sepulcrum
1193 1390 1203 1416 ε
1239 1387 1341 1434 quae
1378 1380 1632 1434 postquam
1669 1378 1794 1431 gesta

383 1458 514 1506 sunt,
553 1447 851 1510 diligentiore
882 1463 996 1494 cura
1023 1447 1341 1494 confessorem
1373 1446 1459 1492 Dei
1484 1445 1618 1510 plebs
1652 1445 1796 1510 coepit

382 1524 597 1572 excolere
620 1525 862 1587 Bituriga¹.
1409 1535 1413 1537 ’

906 1713 1061 1748 CAPUT
1085 1712 1271 1748 LXXXII.

904 1819 957 1852 De
973 1818 1108 1852 Eusitio
1126 1818 1275 1853 recluso.

449 1944 552 1989 Fuit
576 1943 620 1989 in
646 1943 739 1990 hoc
761 1943 998 1990 territorio
1017 1953 1064 1990 et
1085 1943 1311 1988 Eusitius’
1330 1943 1405 1989 vir
1422 1942 1666 2000 virtutum,
1691 1942 1792 2005 qui,

385 2030 609 2084 tanquam
644 2021 855 2078 eremita,
894 2021 1014 2066 inter
1047 2020 1289 2084 spinarum
1324 2019 1698 2066 condensitatem
1735 2018 1796 2065 ab

310 2112 313 2114 ·
385 2098 635 2144 hominum
669 2113 718 2143 se
748 2097 1057 2144 familiaritate
1088 2107 1372 2149 removerat,
1409 2096 1492 2159 qui
1526 2111 1695 2142 aurum
1722 2095 1795 2142 vel

383 2174 568 2222 divitias
606 2174 775 2220 mundi
808 2173 948 2237 hujus
986 2184 1214 2237 tanquam
1249 2183 1456 2220 stercora
1493 2172 1788 2220 exhorrebat.

386 2251 452 2298 Ad
492 2251 622 2298 hunc
661 2267 771 2297 cum
811 2247 979 2297 diversi
1021 2260 1215 2315 propter
1255 2250 1462 2298 diversas
1501 2249 1797 2297 infirmitates

384 2329 631 2388 irruerent,
662 2328 940 2392 plerumque
974 2328 1018 2374 ei
1044 2326 1246 2374 infantes
1276 2326 1448 2391 quibus
1480 2327 1637 2374 fauces
1667 2327 1794 2373 intu—

383 2414 602 2450 muerant
638 2403 971 2467 deferebantur
1008 2421 1019 2449 ε
1063 2419 1197 2467 (11105,
1218 2403 1295 2450 ille
1329 2413 1458 2450 tactu
1488 2402 1796 2449 blandissimo

383 2491 693 2544 pertractans,
734 2481 915 2540 aiebat,
956 2481 1104 2544 quasi
1127 2479 1322 2543 spiritali
1350 2480 1463 2543 joco
1502 2479 1750 2540 delectans,
1780 2495 1792 2526 z

387 2579 409 2601 «
424 2559 609 2615 Merito,
635 2559 805 2622 inquit,
830 2558 929 2607 haec
948 2558 1055 2622 gula
1073 2557 1318 2604 doloribus
1341 2557 1568 2620 quatitur,
1594 2573 1698 2620 quae
1720 2557 1793 2603 in-

437 2730 496 2781 (1)
525 2732 711 2776 Biturica,
735 2732 855 2778 2205,
876 2733 999 2769 2791.

434 2791 487 2836 (2)
513 2788 588 2826 Alii
612 2791 799 2828 Eusicius.
820 2789 933 2835 Bell.‚
952 2789 993 2827 in
1012 2789 1137 2836 titulo,
1165 2790 1359 2836 Usiclzius‚·
1380 2788 1472 2827 editi
1486 2789 1686 2827 Euticltius
1701 2790 1797 2838 ιῃιιὶ-

383 2855 504 2883 tarum
526 2851 593 2882 vir.
611 2847 692 2894 (R.)
1443 2846 1450 2854 ¹
