2054 3450
402 327 419 362 1
429 329 476 364 76
734 363 744 371 ,
915 327 1044 362 VITAE
1071 328 1290 364 PATRUM.

400 411 665 477 pugnacula
685 411 892 476 ingentia
916 411 1109 459 vallant,
1138 413 1280 470 Quod
1309 423 1361 461 ut
1381 414 1567 479 plenius
1590 414 1805 478 magnifi-

398 489 553 535 centia
581 498 734 536 vestra
763 498 1045 552 cognoscat,
1082 488 1143 536 de
1174 491 1346 536 sanctis
1373 507 1577 554 quorum
1605 490 1808 539 basilicae

399 582 563 612 muros
601 565 730 612 urbis
761 565 980 613 ambiunt
1010 564 1110 612 haec
1145 566 1337 629 loquor,
1372 565 1454 612 sed
1485 568 1675 614 antistes
1714 569 1807 615 loci

399 642 523 688 illius
542 658 741 705 magnus
767 642 895 707 apud
923 645 1076 689 Deum
1107 641 1327 688 habetur.
1355 641 1463 688 Noli
1493 642 1646 691 facere
1674 644 1806 707 quod

399 719 609 782 cogitas;
650 719 751 766 noli
788 720 1013 784 episcopo
1047 718 1271 782 injuriam
1310 718 1481 766 inferre
1524 729 1606 766 aut
1640 720 1807 768 urbem

398 806 667 843 evertere.»
693 797 838 860 Cujus
862 796 1113 844 consilium
1147 813 1225 843 rex
1254 795 1511 843 clementer
1543 796 1803 861 accipiens,

398 883 683 938 praeceptum
714 874 874 938 posuit
907 890 966 920 ne
997 873 1118 920 ullus
1145 873 1206 920 ab
1228 883 1399 920 octavo
1431 871 1561 920 urbis
1591 873 1808 920 milliario

399 949 661 997 laederetur.
691 950 835 1008 Quod
861 950 1057 997 obtentu
1085 949 1342 997 sacerdotis
1368 950 1628 1014 praestitum
1654 948 1810 996 nullus

398 1026 624 1090 ambigat.
649 1029 780 1074 Tunc
800 1036 848 1074 et
871 1026 1100 1073 Proculus
1122 1026 1198 1073 ille
1224 1025 1483 1091 presbyter,
1509 1026 1698 1091 irruptis
1718 1029 1810 1072 Lo-

399 1103 710 1150 volautrensis
731 1104 870 1151 castri
894 1105 1064 1164 muris,
1096 1103 1156 1150 ab
1189 1102 1562 1166 ingredientibus
1592 1100 1810 1148 hostibus

398 1190 507 1227 ante
526 1180 682 1245 ipsum
704 1180 910 1227 ecclesiae
930 1179 1074 1227 altare
1104 1179 1368 1243 gladiorum
1399 1178 1570 1226 ictibus
1591 1179 1641 1225 in
1666 1178 1809 1226 frusta

400 1256 662 1321 discerptus
684 1267 778 1317 est,
806 1256 1105 1320 reddiditque
1131 1256 1195 1303 illi
1219 1256 1480 1314 Dominus,
1506 1255 1628 1302 sicut
1652 1270 1807 1302 sacer-

399 1332 487 1380 dos
508 1324 696 1380 cantare
718 1343 1051 1388 consueverat,
1080 1332 1339 1380 secundum
1365 1348 1510 1396 opera
1532 1348 1632 1378 sua.

464 1411 511 1457 3.
553 1413 663 1456 Post
699 1420 938 1474 peractam
971 1410 1110 1472 igitur
1142 1419 1348 1472 stragem
1381 1408 1527 1456 cladis
1561 1411 1807 1464 Arvernae,

401 1487 705 1543 Hortensius,
745 1503 870 1533 uuus
909 1503 967 1533 ex
999 1485 1324 1546 senatoribus,
1366 1485 1648 1532 comitatum
1685 1483 1813 1531 urbis

400 1562 524 1610 illius
561 1579 728 1627 agens,
769 1562 1025 1625 quemdam
1056 1562 1116 1609 de
1147 1561 1421 1627 parentibus
1452 1561 1625 1619 sancti,
1661 1559 1711 1607 id
1744 1569 1814 1607 est

401 1641 698 1686 Honoratum
726 1639 945 1700 nomine,
978 1639 1026 1685 in
1058 1637 1188 1686 urbis
1208 1638 1364 1703 platea
1384 1638 1601 1701 nequiter
1623 1637 1813 1684 retineri

399 1716 552 1780 jussit.
581 1715 725 1774 Quod
745 1715 957 1763 celeriter
981 1716 1122 1763 beato
1141 1716 1244 1762 viro
1263 1716 1533 1762 nuntiatum
1552 1723 1638 1762 est.
1662 1716 1719 1760 At
1734 1713 1813 1761 ille

403 1809 488 1858 per
506 1794 687 1840 amicos
707 1809 818 1839 suos
839 1793 982 1857 coepit
1006 1809 1194 1856 rogare,
1224 1802 1275 1839 ut
1302 1808 1412 1838 eum
1440 1791 1550 1838 data
1574 1790 1814 1843 audientia

404 1868 585 1916 absolvi
613 1870 814 1933 juberet.
845 1868 988 1927 Quod
1024 1870 1098 1916 ille
1132 1868 1400 1916 nullatenus
1422 1867 1648 1932 praestitit.
1683 1870 1814 1914 Tunc

403 1945 569 1991 beatus
590 1961 731 1991 senex
757 1944 929 1991 deferri
953 1961 1002 1991 se
1026 1945 1075 1990 in
1099 1944 1302 2009 plateam
1330 1960 1426 2008 qua
1459 1943 1537 1990 ille
1566 1941 1815 1990 tenebatur

402 2020 535 2084 jubet
562 2040 572 2068 :
599 2021 765 2068 allatus
788 2031 944 2067 autem
972 2021 1168 2084 rogabat
1192 2020 1362 2067 milites
1387 2029 1437 2066 ut
1465 2036 1575 2067 eum
1605 2018 1813 2066 dimitte-

406 2108 526 2145 rent.
555 2097 623 2144 Illi
650 2114 760 2144 vero
785 2100 1024 2156 timenteS,
1051 2097 1247 2144 obedire
1270 2097 1369 2143 ausi
1394 2113 1494 2142 non
1521 2104 1629 2142 sunt
1651 2095 1811 2161 ponti—

408 2174 500 2222 fici.
526 2177 583 2220 Et
606 2174 826 2221 sacerdos
857 2193 867 2220 ε
912 2195 931 2216 «
954 2174 1025 2221 Ad
1043 2174 1260 2235 domum,
1290 2174 1459 2237 inquit,
1483 2172 1720 2219 Hortensii
1738 2188 1815 2219 me

407 2251 632 2299 velociter
645 2251 940 2316 deportate.»
959 2254 1070 2298 Erat
1085 2252 1213 2298 enim
1229 2267 1370 2298 senex
1380 2249 1535 2307 valde,
1553 2259 1599 2296 et
1614 2249 1817 2314 propriis

407 2328 609 2392 pedibus
636 2328 767 2376 abire
795 2346 892 2375 non
923 2338 1121 2393 poterat.
1158 2328 1431 2375 Deserentes
1453 2335 1610 2373 autem
1633 2342 1744 2374 eum
1766 2325 1815 2372 in

407 2405 607 2452 domum
632 2406 867 2453 Hortensii
892 2405 1091 2452 ministri
1110 2406 1226 2469 ejus,
1253 2404 1491 2452 excutiens
1512 2404 1560 2450 in
1586 2419 1691 2451 eam
1711 2402 1816 2467 pul-

409 2498 566 2529 verem
584 2482 879 2529 calciamenti
897 2482 985 2542 sui,
1005 2482 1069 2528 ait
1092 2499 1102 2527 z
1130 2501 1151 2526 «
1168 2480 1415 2528 Maledicta
1431 2480 1490 2526 sit
1506 2479 1679 2526 domus
1695 2477 1813 2536 haec,

408 2567 454 2605 et
482 2559 718 2606 maledicti
742 2559 1032 2606 habitatores
1055 2563 1154 2623 ejus
1177 2558 1226 2604 in
1253 2558 1614 2622 sempiternum,
1643 2553 1816 2617 fiatque

410 2635 608 2694 deserta,
630 2636 673 2682 et
692 2652 790 2682 non
816 2636 874 2682 sit
893 2636 975 2700 qui
994 2634 1223 2681 inhabitet
1242 2634 1288 2679 in
1319 2650 1421 2680 ea.»
1442 2635 1498 2678 Et
1523 2631 1639 2678 dixit
1662 2629 1817 2676 omnis

410 2713 614 2776 populus
635 2731 646 2758 ε
670 2716 834 2759 Amen.
863 2715 920 2758 Et
942 2711 1112 2775 adjecit
1140 2730 1151 2756 :
1179 2731 1201 2753 (ι
1219 2713 1412 2767 Quaeso,
1435 2709 1662 2764 Domine,
1689 2723 1814 2753 nun·
1894 2773 1896 2777 V

410 2805 555 2852 quam
590 2789 651 2836 de
689 2789 779 2836 hac
813 2789 1115 2852 generatione
1148 2785 1438 2852 provehatur
1469 2784 1719 2849 quisquam
1753 2780 1816 2829 ad
