2054 3450
382 327 432 361 68
747 326 813 360 DE
841 325 1026 362 GLORIA
1054 325 1420 362 CONFESSORUM.

381 422 481 457 tum
501 410 763 470 exhalasse3
794 410 877 457 sed
899 409 1141 457 evidenter
1163 428 1261 458 non
1286 421 1355 458 est
1376 412 1637 475 cognitum,
1663 427 1784 474 quo-

379 489 507 533 niam
528 503 555 533 a
569 487 701 534 nullo
722 487 920 534 refertur
940 488 1113 534 visum.
1128 490 1259 534 Tunc
1274 487 1363 533 viri
1379 489 1461 551 qui
1477 487 1782 548 advenerant,

379 564 640 622 elevantes,
669 564 925 611 attulerunt
958 563 1019 610 ad
1054 564 1214 610 vicum
1247 566 1610 611 Evaunensem:
1643 581 1784 628 quem

314 650 321 655 ·
379 637 595 684 ablutum
630 638 880 701 dignisque
918 638 1139 684 indutum
1174 637 1381 684 vestibus
1416 638 1699 702 sepelierunt
1737 639 1784 686 in

377 715 601 776 ecclesia,
639 715 753 762 festa
792 715 950 762 obitus
987 715 1088 778 ejus
1127 732 1212 779 per
1254 714 1462 777 singulos
1498 715 1786 763 celebrantes

377 808 530 838 annos
554 810 563 837 :
590 792 651 839 ad
684 808 788 856 quae
806 792 1143 838 convenientes
1166 792 1351 856 populi,
1374 791 1542 839 crebro
1569 792 1630 839 ad
1651 792 1784 839 infir-

378 867 617 914 mitatibus
639 866 945 914 sanabantur.
962 866 1168 924 Quidam
1191 877 1348 914 autem
1371 867 1431 914 de
1453 868 1620 915 vicinis
1641 885 1787 916 anno-

377 963 461 993 nas
484 947 568 992 diu
595 946 788 993 infectas
813 962 935 1009 aqua
958 961 1013 991 ac
1035 945 1245 1007 germine
1272 945 1511 1009 producto
1536 945 1782 1004 conflatas,

376 1024 497 1070 facto
532 1023 666 1086 igne,
698 1039 840 1087 super
866 1022 1044 1068 vimina
1079 1031 1298 1069 contexta
1333 1031 1514 1069 torrere
1554 1033 1689 1087 parat
1724 1023 1785 1070 ad

376 1098 548 1163 pocula
590 1099 821 1146 facienda.
870 1098 1108 1146 Accedens
1144 1108 1304 1146 autem
1349 1115 1472 1146 unus
1517 1099 1785 1146 vicinorum

374 1176 490 1239 ejus,
521 1177 584 1222 ait
605 1194 615 1221 ε
646 1196 670 1220 «
685 1175 808 1233 Quid
831 1186 901 1236 tu,
931 1194 960 1221 0
983 1175 1150 1233 homo,
1173 1175 1267 1222 hoc
1290 1175 1515 1223 detineris
1542 1176 1591 1222 in
1611 1177 1784 1240 opere?

376 1255 441 1298 An
474 1253 662 1315 ignoras
686 1252 818 1315 quod
848 1252 1121 1298 solemnitas
1143 1261 1210 1298 est
1239 1251 1363 1298 beati
1387 1253 1580 1298 Mariani
1599 1253 1618 1299 Ξ)
1636 1271 1658 1296 »
1689 1254 1779 1311 Qui

372 1345 482 1374 cum
508 1329 663 1375 furore
679 1328 924 1393 respondit
945 1346 954 1374 :
984 1348 1004 1372 «
1028 1331 1242 1387 Putasne,
1266 1345 1296 1375 o
1319 1338 1367 1375 tu
1392 1329 1474 1392 qui
1496 1328 1594 1375 haec
1611 1329 1779 1392 loque-

372 1406 457 1462 ris,
483 1406 614 1468 quod
638 1406 785 1452 homo
816 1405 957 1451 elisus
992 1423 1047 1451 ex
1075 1405 1245 1452 arbore
1274 1416 1469 1470 propter
1495 1407 1782 1471 compendia

372 1481 507 1545 gulae,
533 1483 808 1545 angelorum
845 1483 903 1528 sit
928 1481 1100 1528 relatus
1126 1483 1386 1544 consortio,
1412 1493 1465 1529 ut
1486 1493 1674 1530 sanctus
1696 1484 1779 1532 de·

372 1557 480 1604 beat
509 1558 735 1605 adorari?
775 1558 940 1604 Melius
969 1569 1038 1604 est
1068 1559 1195 1604 enim
1234 1575 1355 1623 opus
1386 1561 1700 1607 necessarium
1731 1562 1778 1607 in

372 1635 519 1682 domo
539 1651 773 1695 exercere,
793 1651 937 1699 quam
951 1634 1095 1682 talem
1111 1646 1327 1682 sanctum
1343 1636 1574 1683 excolere.
1595 1657 1616 1680 »
1637 1639 1780 1695 Quod

371 1711 446 1758 ille
478 1712 675 1759 audiens
706 1712 941 1770 discessit,
983 1722 1030 1758 et
1069 1729 1178 1758 cum
1214 1711 1404 1775 reliquis
1444 1712 1504 1759 ad
1538 1712 1780 1762 basilicam

369 1790 519 1836 sancti
549 1789 687 1848 abiit,
721 1789 885 1836 relicto
917 1788 1049 1835 domi
1078 1790 1236 1836 vicino
1269 1790 1316 1835 in
1345 1806 1489 1853 opere
1513 1789 1775 1839 laborante.

370 1868 465 1912 Nec
491 1883 642 1925 mora,
669 1867 813 1913 flante
830 1875 989 1926 vento,
1010 1866 1384 1930 apprehenditur
1407 1866 1596 1927 domus,
1617 1868 1776 1915 incen-

369 1941 450 1987 dio
489 1942 698 1988 exuritur
742 1942 921 2000 omnis,
969 1958 1056 1988 nec
1102 1942 1365 2006 quidquam
1409 1942 1470 1988 de
1515 1942 1776 1992 substantia

370 2027 510 2065 restat
530 2018 753 2064 hominis.
776 2018 951 2064 Exinde
975 2018 1140 2064 elevati
1171 2018 1298 2081 globi
1317 2019 1614 2066 flammarum
1636 2037 1778 2086 super

368 2095 621 2159 hospitiola
653 2096 855 2142 aliorum
893 2111 996 2158 quae
1036 2095 1367 2143 circumlocata
1406 2107 1571 2156 erant,
1606 2100 1775 2145 transi-

366 2172 555 2233 lientes,
596 2173 737 2236 hujus
772 2173 980 2220 hominis
1013 2191 1199 2232 aream,
1234 2190 1393 2238 sepeS,
1435 2175 1668 2237 tuguriola
1700 2176 1774 2222 vel

366 2262 625 2312 porcorum
664 2247 737 2295 vel
778 2249 1079 2309 animalium,
1120 2250 1392 2314 reliquaque
1431 2267 1533 2314 quae
1572 2251 1633 2298 ad
1665 2268 1773 2299 eum

368 2326 679 2389 pertinebant,
700 2325 890 2373 flamma
914 2327 1140 2390 perussit3
1165 2343 1254 2373 nec
1271 2327 1533 2391 quidquam
1552 2329 1776 2375 remansit

365 2402 476 2450 huic
504 2404 695 2461 misero,
725 2403 852 2467 quod
876 2420 975 2450 non
1003 2403 1161 2450 fuisset
1186 2404 1282 2467 igni
1306 2421 1601 2451 succensum.
1630 2406 1774 2463 Quod

365 2479 401 2524 si
432 2480 641 2526 evenisse
675 2480 780 2542 quis
815 2479 1007 2525 fortuito
1030 2490 1181 2544 putat,
1214 2480 1472 2527 admiretur
1496 2480 1624 2545 quod
1657 2481 1773 2528 nulli

365 2556 628 2602 vicinorum
652 2557 1126 2620 circummanentium
1155 2559 1333 2604 nocuit.
1353 2559 1478 2616 Quid
1502 2575 1631 2605 nunc
1653 2559 1768 2622 agis,

364 2648 394 2677 o
411 2633 557 2679 cruda
575 2633 821 2691 rusticitas,
839 2650 943 2697 quae
966 2650 1152 2698 semper
1170 2635 1217 2680 in
1235 2637 1388 2681 Deum
1406 2644 1453 2681 et
1473 2634 1573 2698 ejus
1592 2635 1771 2682 amicos

364 2725 648 2769 murmuras,
680 2720 729 2755 ut
751 2709 835 2756 tibi
859 2711 1028 2758 exinde
1053 2711 1284 2758 damnum
1305 2712 1548 2774 acquiras?
1571 2711 1770 2759 Alterius

363 2787 505 2848 igitur
526 2787 735 2834 hominis
757 2787 933 2838 malitia
960 2789 1073 2859 furis
1093 2788 1240 2836 hoves
1269 2788 1538 2849 abstulerat,
1561 2790 1660 2854 qui,
1683 2806 1767 2854 ap-
