2054 3450
392 357 469 394 294
909 354 1037 391 VITAE
1063 354 1284 394 PATRUM.

390 441 641 506 intrepida.
682 444 787 488 Non
817 451 864 488 te
895 441 1135 488 tumidum
1156 440 1294 487 faciat
1316 450 1399 488 aut
1418 440 1608 489 extollat
1629 450 1798 506 poten-

391 519 454 566 tia
478 518 661 565 domini
679 518 772 578 tui,
798 535 903 582 quae
923 517 1041 565 nihil
1065 528 1150 565 est.
1177 518 1253 564 Sic
1271 518 1398 564 enim
1414 518 1478 564 ait
1497 517 1666 565 Paulus
1685 535 1800 582 apo-

389 596 538 643 stolus
559 614 569 643 :
594 614 618 638 ι(
633 597 726 654 Qui
739 596 984 659 gloriatur,
1001 596 1050 641 in
1063 595 1270 642 Domino
1282 594 1523 658 glorietur.
1541 613 1564 638 n
1587 597 1644 641 Et
1656 595 1793 642 alibi:

393 694 415 719 α
441 674 489 719 Si
513 672 790 720 hominibus
812 674 1066 738 placerem,
1090 671 1261 718 Christi
1286 688 1448 718 servus
1471 687 1570 718 non
1591 687 1795 718 essem.»

389 750 549 798 Subde
578 760 624 797 te
648 751 746 814 ejus
774 750 962 797 servitio
982 749 1064 814 qui
1088 749 1151 795 ait
1173 766 1184 794 :
1216 768 1239 792 «
1259 748 1426 795 Venite
1446 747 1507 794 ad
1529 764 1607 794 me
1634 764 1801 795 omnes

389 828 471 892 qui
502 827 726 874 laboratis
751 835 797 874 et
822 827 1004 873 onerati
1040 826 1166 885 estis,
1201 835 1248 872 et
1278 842 1365 888 ego
1398 824 1605 871 reficiam
1641 840 1743 871 vos.
1773 845 1796 868 >›

390 906 493 968 lpse
512 904 640 950 enim
661 913 730 950 est
751 903 1004 962 Dominus,
1027 907 1160 967 cujus
1184 918 1306 949 onus
1331 901 1434 948 leve
1456 911 1542 960 est,
1570 901 1703 964 cujus
1721 906 1799 966 ju-

390 997 502 1043 gum
532 997 674 1027 suave
710 989 807 1040 est,
845 981 978 1044 cujus
1015 979 1169 1026 cultus
1201 990 1246 1026 et
1281 979 1445 1026 tribuit
1475 979 1721 1043 praesentia
1755 988 1801 1025 et

390 1058 534 1103 vitam
562 1057 754 1120 largitur
786 1066 1026 1104 aeternam.
1064 1057 1139 1103 Sic
1173 1058 1300 1103 enim
1337 1057 1400 1103 ait
1427 1073 1438 1102 ι
1466 1075 1487 1100 «
1514 1056 1562 1101 Si
1593 1056 1697 1120 quis
1721 1072 1799 1103 re·-

389 1134 679 1181 nuntiaverit
694 1133 918 1181 omnibus
931 1150 1034 1198 quae
1049 1133 1273 1198 possidet,
1290 1133 1567 1197 centuplum
1581 1132 1795 1197 accipiet,

388 1220 435 1258 et
464 1211 658 1275 insuper
674 1212 819 1258 vitam
842 1221 1064 1258 aeternam
1088 1210 1362 1275 possidebit.
1395 1229 1417 1254 »
1440 1213 1548 1256 Haec
1573 1219 1620 1255 et
1642 1209 1715 1256 his
1739 1211 1800 1256 si-

392 1288 519 1334 milia
548 1304 658 1335 sene
680 1288 876 1335 viriliter
900 1288 1173 1344 disserente,
1199 1303 1277 1333 sus
1300 1286 1467 1333 illaesus
1486 1286 1623 1332 silvas
1645 1287 1795 1350 petiit,

389 1382 601 1430 puerque
629 1365 840 1412 discessit
867 1366 927 1412 ab
952 1382 1010 1413 eo
1033 1382 1131 1411 non
1154 1366 1254 1411 sine
1278 1364 1444 1427 grandi
1465 1364 1795 1423 admiratione,

389 1443 521 1507 quod
544 1460 713 1507 aprum
737 1460 880 1507 quem
909 1442 1214 1489 inchoaverat
1243 1442 1376 1505 sequi
1410 1441 1580 1500 ferum,
1607 1442 1655 1488 in
1680 1457 1797 1487 con-

389 1530 551 1585 spectu
589 1521 713 1567 senis
756 1529 1058 1585 mansuetum
1101 1528 1251 1566 astare
1294 1517 1483 1565 videbat
1516 1528 1569 1564 ut
1603 1535 1795 1582 agnum.

392 1598 598 1649 Plurima
623 1597 764 1659 igitur
783 1597 944 1643 animo
967 1605 1188 1655 tractans,
1215 1612 1270 1643 ac
1290 1595 1438 1642 multa
1460 1611 1619 1642 secum
1639 1595 1798 1643 revol-

389 1691 504 1721 vens
537 1674 654 1737 quid
681 1683 837 1737 ageret
866 1673 1042 1737 quidve
1066 1673 1252 1734 faceret,
1287 1682 1447 1719 utrum
1471 1672 1695 1719 saeculum
1727 1690 1798 1720 re-

390 1751 620 1815 linqueret
648 1767 708 1796 an
741 1750 911 1797 saeculo
942 1750 1224 1809 deserviret,
1262 1749 1455 1797 tandem
1484 1759 1800 1814 compunctus

389 1843 417 1874 a
447 1827 608 1875 divina
640 1828 814 1892 pietate
843 1837 890 1874 et
925 1826 1070 1874 credo
1106 1827 1254 1874 sancti
1287 1826 1526 1873 AEmiliani
1561 1826 1795 1886 oratione,

388 1904 569 1950 aditum
597 1920 806 1968 quaerere
844 1904 987 1967 coepit
1020 1903 1205 1950 occulte
1235 1903 1435 1967 qualiter
1472 1903 1666 1950 clericus
1699 1919 1799 1950 esse

390 1990 564 2044 posset,
595 1981 703 2044 quia
732 1979 919 2043 publice
943 1990 1138 2044 propter
1162 1990 1402 2027 terrenum
1425 1980 1674 2026 dominum
1697 1996 1795 2026 non

389 2057 611 2104 audebat.
643 2059 816 2102 Tamen
848 2073 959 2102 cum
983 2065 1104 2102 esset
1125 2056 1282 2102 adhuc
1303 2056 1467 2116 laicus,
1493 2056 1542 2102 in
1567 2065 1705 2103 nocte
1723 2055 1797 2102 bis
1832 2053 1835 2056 ’

388 2143 470 2180 aut
493 2143 563 2180 ter
585 2133 644 2180 de
663 2143 812 2183 stratu
830 2149 916 2180 suo
930 2149 1235 2196 consurgens,
1255 2143 1388 2180 terrae
1405 2143 1666 2198 prostratus
1689 2151 1799 2182 ora-

388 2210 567 2256 tionem
590 2209 816 2256 fundebat
837 2210 897 2256 ad
921 2210 1195 2257 Dominum.
1224 2209 1470 2257 Nesciebat
1493 2220 1651 2257 tamen
1680 2212 1796 2275 quid

387 2295 594 2345 caneret,
616 2289 730 2350 quia
753 2286 928 2354 litteras
949 2286 1216 2349 ignorabat.
1242 2286 1419 2334 Videns
1444 2297 1603 2334 autem
1627 2289 1796 2352 saepius

389 2363 436 2408 in
465 2363 673 2410 oratorio
701 2363 875 2410 litteras
904 2361 1049 2428 super
1083 2364 1289 2410 iconicas
1324 2362 1650 2427 apostolorum
1685 2364 1794 2411 reli-

388 2455 689 2503 quorumque
722 2449 994 2487 sanctorum
1028 2456 1128 2486 esse
1167 2440 1472 2505 conscriptas,
1516 2436 1796 2505 exemplavit

388 2533 466 2562 eas
487 2517 537 2563 in
560 2516 741 2563 codice.
771 2519 985 2579 Cumque
999 2516 1060 2563 ad
1077 2533 1326 2563 occursum
1348 2516 1532 2563 domini
1551 2516 1622 2581 sui
1638 2506 1795 2564 eldrici
1863 2536 1865 2539 ⁴

390 2593 460 2638 vel
495 2592 688 2640 abbates
725 2593 910 2639 assidue
943 2593 1270 2650 convenirent,
1312 2592 1390 2641 hic
1431 2608 1487 2639 ex
1524 2588 1794 2655 juniffidb‘us

389 2684 531 2731 quem
563 2669 774 2733 primum
804 2670 1031 2734 potuisset
1061 2669 1304 2728 accersire,
1337 2669 1558 2715 secretius
1587 2669 1790 2716 interro-

389 2743 530 2806 gabat
561 2738 757 2791 nomffia
790 2745 1065 2805 litterarum,
1104 2756 1150 2792 et
1185 2744 1248 2791 ob
1289 2744 1382 2791 hoc
1421 2761 1498 2791 eas
1535 2745 1791 2809 intelligere

390 2820 532 2883 coepit
559 2838 569 2866 :
601 2830 738 2867 antea
767 2831 944 2879 autem,
979 2821 1236 2885 inspirante
1262 2821 1490 2878 Domino,
1528 2831 1574 2867 et
1609 2822 1718 2885 legit
1746 2833 1791 2869 et
