2054 3450
400 337 476 374 184
708 382 718 390 .
913 336 1040 372 vrrAE
1066 337 1284 376 PATRUM.

397 424 571 472 servitii
600 423 747 481 eruit,
786 438 952 469 verum
983 423 1125 470 etiam
1154 424 1337 486 magnis
1367 425 1618 473 virtutibus
1647 424 1799 473 subli-

396 500 566 560 mavit,
591 509 733 563 atque
754 508 861 564 post
890 498 1126 546 mundum
1148 509 1196 546 et
1216 516 1455 564 pressuras
1477 502 1631 550 saeculi
1658 503 1708 549 in
1730 518 1799 549 re-
1863 500 1875 522 ³

396 574 507 638 quie
541 583 714 621 aeterna
747 574 1017 633 constituit,
1058 573 1323 638 locavitque
1356 591 1467 622 eum
1499 576 1620 624 inter
1651 593 1796 640 ange-

396 651 555 698 lorum
588 649 784 711 choros,
815 650 876 697 de
905 649 1081 715 quibus
1113 651 1334 715 expulsus
1361 660 1432 699 est
1463 651 1689 700 dominus
1719 652 1798 702 ille

397 738 626 776 terrenus.

450 807 511 853 ,1.
556 805 851 852 Beatissimus
885 805 1027 867 igitur
1062 804 1310 852 Portianus
1340 803 1404 852 ab
1437 805 1632 852 ineunte
1666 815 1799 854 aetate

397 884 552 929 Deum
574 898 782 945 quaerere
806 881 913 928 coeli
940 897 1140 946 semper,
1178 881 1320 928 etiam
1346 881 1469 928 inter
1495 891 1683 929 terrena
1703 897 1799 930 ser-

397 959 526 1014 vitia,
543 957 819 1005 conabatur.
837 958 913 1004 Sic
928 958 1056 1004 enim
1071 973 1232 1004 servus
1249 957 1394 1005 fertur
1406 957 1544 1006 fuisse
1556 958 1628 1022 cuj
1635 957 1802 1005 usdam

397 1034 627 1096 barbari¹,
650 1035 783 1099 isque
807 1050 917 1081 cum
945 1033 1226 1099 plerumque
1246 1033 1307 1081 ad
1332 1035 1672 1082 monasterium
1692 1051 1804 1082 con-

400 1111 603 1175 fugeret,
636 1121 690 1158 ut
720 1127 831 1158 eum
859 1109 1057 1157 domino
1086 1126 1172 1157 suo
1194 1109 1342 1158 abbas
1364 1109 1584 1158 redderet
1605 1126 1802 1159 excusa-

399 1198 501 1235 tum
526 1205 536 1234 ε
557 1187 618 1234 ad
643 1197 905 1234 extremum
926 1187 1134 1250 fugiens,
1159 1187 1383 1234 dominus
1405 1187 1504 1250 ejus
1528 1187 1588 1234 de
1606 1188 1803 1251 vestigio

397 1264 625 1327 sequitur,
647 1273 693 1310 et
710 1262 930 1310 abbatem
953 1263 1230 1311 calumniari
1246 1264 1410 1328 coepit,
1432 1273 1655 1329 reputans
1671 1264 1804 1328 quod

399 1341 498 1404 ipse
531 1357 642 1387 eum
672 1340 917 1387 seduceret
944 1357 1005 1387 ne
1035 1340 1123 1387 sibi
1153 1357 1267 1388 suus
1298 1341 1500 1388 famulus
1530 1341 1801 1389 deserviret.

399 1418 613 1480 Cumque
645 1417 706 1464 de
746 1416 1090 1464 consuetudine
1131 1426 1182 1463 ut
1220 1433 1331 1464 eum
1369 1416 1588 1464 redderet
1623 1418 1805 1465 calum-

400 1493 578 1540 niando
622 1493 842 1540 abbatem
884 1493 1142 1552 insisteret,
1191 1492 1303 1540 dicit
1348 1492 1495 1541 abbas
1539 1493 1763 1542 Portiano
1790 1511 1802 1542 :

403 1588 427 1613 «
450 1569 577 1626 Quid
602 1570 669 1616 vis
694 1579 744 1616 ut
769 1570 1008 1616 faciam?»
1047 1572 1105 1616 Et
1133 1569 1240 1616 ille:
1268 1589 1290 1613 «
1312 1569 1495 1628 Redde,
1522 1570 1697 1633 inquit,
1728 1587 1807 1618 me

399 1655 689 1703 excusatum.
712 1665 735 1690 »
762 1648 978 1710 Cumque
1015 1656 1260 1694 excusatus
1293 1646 1506 1694 redditus
1538 1647 1726 1708 fuisset,
1763 1658 1809 1694 et

400 1717 625 1770 dominus
649 1723 750 1786 ejus
768 1722 994 1771 reducere
1013 1740 1122 1771 eum
1142 1723 1341 1771 domum
1357 1724 1514 1786 vellet,
1534 1725 1598 1772 ita
1613 1734 1808 1772 caecatus

401 1809 470 1847 est
496 1810 547 1846 ut
569 1800 688 1847 nihil
710 1802 898 1865 penitus
920 1811 1078 1866 posset
1101 1817 1373 1865 agnoscere.
1409 1803 1618 1852 Cernens
1651 1811 1809 1849 autem

401 1894 452 1924 se
476 1877 696 1941 gravibus
717 1877 964 1925 doloribus
986 1878 1136 1936 affici,
1161 1878 1383 1925 abbatem
1411 1887 1574 1939 vocat,
1609 1878 1771 1926 dicens
1793 1895 1805 1924 ε

407 1973 430 1998 «
454 1955 692 2019 Supplica,
717 1971 894 2019 quaeso,
919 1972 1008 2019 pro
1033 1972 1109 2002 me
1129 1955 1406 2015 Dominum,
1429 1946 1478 2001 'et
1499 1955 1659 2019 accipe
1681 1955 1809 2005 hunc

404 2046 593 2076 servum
618 2031 680 2079 ad
705 2031 804 2094 ejus
823 2032 1025 2091 cultum3
1054 2030 1244 2078 forsitan
1270 2030 1580 2095 promerebor
1601 2031 1810 2095 recipere

405 2107 566 2153 lumen
595 2108 880 2154 amissum.»
914 2111 1044 2154 Tunc
1074 2106 1222 2154 abbas
1253 2117 1471 2154 vocatum
1492 2106 1684 2154 beatum
1707 2107 1805 2155 ait:

410 2203 432 2227 α
459 2186 683 2248 Impone,
716 2200 900 2248 quaeso‚
936 2200 1105 2230 manus
1136 2194 1239 2230 tuas
1273 2200 1414 2248 super
1443 2184 1609 2230 oculos
1639 2184 1756 2248 ejus.
1785 2204 1808 2227 2»

407 2261 623 2323 Cumque
654 2261 732 2307 ille
760 2260 1004 2316 refutaret,
1031 2260 1224 2307 tandem
1252 2259 1434 2307 abbatis
1461 2260 1671 2307 devictus
1704 2276 1811 2324 pre-

407 2336 564 2393 cibuS‚
597 2354 738 2402 super
766 2338 930 2384 oculos
951 2337 1136 2384 domini
1171 2338 1242 2383 sui
1271 2338 1457 2401 signum
1484 2336 1632 2384 beatae
1662 2337 1814 2384 crucis

406 2413 633 2478 imposuit
670 2432 681 2461 ε
727 2415 978 2479 statimque
999 2451 1010 2473 ‚
1058 2414 1272 2479 disrupta
1312 2414 1510 2477 caligine
1560 2424 1607 2461 et
1649 2414 1814 2462 sedato

407 2489 600 2548 dolore,
640 2491 846 2555 pristinae
881 2490 1093 2538 redditus
1130 2501 1201 2538 est
1234 2491 1435 2538 sanitati.
1474 2492 1528 2537 At
1557 2507 1672 2538 vero
1707 2491 1812 2537 exin

407 2564 572 2614 beatus
594 2569 842 2614 Portianus
864 2567 1061 2615 clericus
1084 2567 1230 2615 factus
1260 2578 1392 2615 tanto
1416 2567 1598 2614 virtutis
1621 2565 1813 2614 cumulo

461 2746 519 2800 (1)
547 2748 593 2786 Id
623 2757 704 2798 est,
735 2750 887 2790 Franci.
924 2754 1020 2788 Eum
1043 2752 1288 2800 Malfangum
1317 2757 1457 2788 vocant
1489 2748 1686 2797 nonnulli,
1705 2748 1811 2800 quod
1876 2755 1881 2758 '

407 2806 574 2844 effictum
595 2820 736 2846 nomen
751 2809 918 2850 videtur.
935 2808 1018 2861 (R.)
