2054 3450
530 378 596 414 DE
622 369 875 414 GREGomE
903 375 999 412 sna
1024 375 1113 411 LES
1140 373 1379 412 PSAUMES.
1583 372 1658 409 1203

250 465 301 512 Id
338 475 405 512 est
445 465 694 530 pacificum
732 464 863 528 quod
899 473 966 511 est
999 464 1048 510 in
1082 463 1292 518 Christo,
1332 461 1411 526 qui
1452 472 1525 508 est
1556 478 1661 524 pax

249 545 453 590 nostra¹.
490 547 551 589 In
581 543 873 607 confessione
903 558 1015 589 vero
1049 541 1188 588 docet
1224 550 1276 587 ut
1309 539 1481 604 jugiter
1511 538 1659 585 homo

250 622 407 668 Deum
426 630 470 667 et
491 636 608 667 voce
632 619 831 667 fateatur
849 629 897 667 et
911 618 1074 666 corde.
1096 618 1166 665 Illi
1185 634 1298 665 sane
1318 618 1399 681 qui
1422 634 1496 664 res
1513 626 1662 679 gestas

251 697 516 746 secundum
543 697 748 743 litteram
779 706 975 744 narrant
1002 696 1246 743 veritatem
1277 694 1497 760 spiritalis
1526 695 1661 742 intel·

250 774 461 838 legentioe
495 784 851 837 cognoscuntur
882 773 1075 821 habere.
1112 773 1335 820 Psalmus
1366 772 1486 837 filiis
1519 774 1659 832 Core,

250 868 336 916 per
354 851 622 916 passionem
645 851 818 897 Christi
835 850 1179 897 redemendum
1202 849 1434 914 populum
1455 848 1666 913 praefigu-

250 929 386 984 ravit,
414 929 526 991 quia
548 931 670 974 Core
703 928 1034 992 interpretatur
1057 927 1323 988 calvieium,
1356 927 1476 973 sicut
1502 927 1665 973 Domi-

250 1022 341 1052 nus
362 1015 524 1052 noster
545 1008 677 1052 Jesus
700 1005 911 1052 Christus
941 1005 989 1052 in
1023 1004 1131 1052 loco
1162 1004 1385 1052 Calvariae
1416 1004 1664 1051 crucifixus

253 1092 339 1130 est.
366 1086 465 1130 Pro
484 1081 632 1129 verbis
655 1082 801 1130 Clausi
818 1082 900 1148 fili
913 1084 1115 1129 Gemini.
1142 1085 1244 1129 Hoc
1264 1091 1332 1129 est
1352 1082 1484 1146 quod
1501 1081 1662 1142 Chusi,

253 1160 415 1207 relicto
449 1158 630 1218 David,
664 1158 727 1206 ad
762 1158 999 1223 Abysalon
1034 1160 1237 1215 transiit,
1273 1160 1356 1223 qui
1390 1169 1490 1207 erat
1518 1159 1668 1206 hostis

253 1237 398 1302 patris
421 1237 511 1294 sui,
539 1236 658 1283 sicut
684 1235 828 1283 Judas
854 1236 1043 1283 Christi.
1078 1239 1138 1283 In
1167 1238 1486 1301 assumptione
1519 1248 1668 1284 matu-

254 1315 380 1371 tzna,
412 1312 525 1376 quia
555 1312 790 1359 Dominus
821 1328 1066 1375 resurgens
1100 1330 1241 1360 mane
1277 1322 1566 1377 assumptam
1599 1329 1671 1359 re-

253 1392 389 1439 duxit
418 1391 738 1456 captivitatem
773 1407 829 1436 ex
863 1390 1042 1437 inferis.
1087 1393 1147 1437 In
1173 1393 1340 1455 prima
1371 1389 1582 1449 Sabbata]
1621 1392 1670 1437 in

254 1470 357 1534 ipsa
399 1469 758 1515 resurrectione.
801 1469 1091 1532 Priusquam
1131 1467 1373 1525 lineretur,
1415 1478 1672 1531 antequam

254 1546 598 1593 resurreetione
632 1543 983 1592 clarificaretur.
1023 1547 1084 1591 In
1114 1547 1507 1592 rememoratione
1538 1544 1675 1591 delic-

259 1634 431 1682 torum,
460 1623 623 1685 utique
654 1638 867 1668 suorum.
903 1623 1153 1668 Canticum
1181 1622 1435 1687 graduum,
1468 1638 1674 1685 namque

257 1700 487 1747 caelestem
511 1699 724 1762 designat
751 1715 1014 1745 ascensum.
1046 1698 1258 1746 Psalmus
1283 1716 1395 1763 ergo
1419 1698 1497 1746 ille
1518 1701 1600 1764 qui
1625 1699 1674 1745 in

258 1777 419 1825 medio
444 1776 739 1824 canticorum
767 1773 1018 1838 graduum,
1047 1785 1275 1840 tanquam
1297 1777 1439 1823 turris
1462 1775 1679 1842 pulcher-

258 1856 379 1903 rima
404 1855 614 1921 ponitur.

325 1932 419 1980 Sed
452 1948 541 1978 nec
567 1930 662 1978 hoc
692 1931 791 1978 sine
814 1930 1037 1992 mysterio
1059 1930 1263 1977 arbitror
1293 1947 1410 1990 esse,
1437 1929 1571 1994 quod
1599 1930 1678 1977 hic

260 2009 382 2057 liber
411 2010 459 2056 in
485 2007 637 2056 tribus
667 2007 1083 2072 quinquagenariis
1104 2017 1290 2055 constat
1314 2008 1534 2073 scriptus,
1560 2024 1678 2072 quo-

260 2103 369 2134 rum
399 2086 518 2144 haec,
555 2094 608 2132 ut
641 2085 832 2150 opinor,
862 2085 982 2132 ratio
1013 2094 1113 2132 est:
1141 2086 1328 2133 Primus
1357 2085 1487 2133 enim
1520 2085 1681 2132 remis—

261 2164 395 2211 sione
416 2180 506 2210 nos
527 2163 781 2210 criminum
809 2172 1021 2227 praestat3
1054 2162 1292 2210 secundus
1313 2162 1374 2209 ad
1396 2179 1529 2227 spem
1547 2163 1681 2227 regni

262 2241 455 2288 caelestis
487 2240 682 2299 invitat;
711 2240 874 2287 tertius
896 2256 986 2286 nos
1013 2240 1075 2287 ad
1101 2257 1301 2304 regnum
1326 2250 1510 2288 aeternae
1537 2239 1682 2288 beati·

264 2317 445 2364 tudinis
467 2317 517 2362 in
539 2316 777 2363 civitatem
802 2316 963 2363 mittit.

331 2392 612 2459 Diapsalmae
631 2409 745 2440 vero
764 2408 868 2456 quae
884 2409 1072 2456 semper
1090 2393 1487 2458 interpraetantur‚
1507 2392 1682 2440 docent

267 2481 318 2518 ut
339 2471 507 2518 animae
530 2486 716 2534 semper
737 2469 786 2516 in
804 2468 880 2516 his
898 2478 1204 2517 exerceantur
1225 2469 1377 2517 fidelis
1392 2470 1612 2518 intentio.

331 2550 368 2594 l.
389 2547 573 2594 Primus
589 2544 797 2611 psalmus
813 2546 1018 2593 ostendit
1031 2546 1163 2610 quod
1177 2548 1275 2612 ipse
1288 2549 1348 2595 sit
1362 2547 1544 2612 lignum
1556 2548 1677 2595 vitae,

332 2628 392 2672 ΙΙ.
431 2623 677 2672 Secundus
700 2622 832 2687 quod
855 2624 955 2689 ipse
977 2624 1026 2670 in
1051 2623 1363 2672 hereditatem
1394 2625 1550 2690 capiat
1583 2642 1684 2672 om-

269 2719 354 2750 nes
377 2711 537 2767 gentes
560 2717 589 2749 a
612 2710 758 2766 patre.

325 2867 384 2920 (1)
413 2867 506 2908 Cod.
527 2867 645 2907 Vatic.
666 2867 772 2906 addit
792 2883 800 2906 z
824 2878 997 2907 cantatus
1016 2871 1250 2921 intelligitur.
