2054 3450
448 332 526 369 280
959 329 1088 365 VITAE
1115 330 1318 366 PATRUM
1325 359 1333 367 .

446 426 678 465 nostrum.
700 436 722 459 ν)
751 418 794 462 Ο
812 415 966 461 virum
986 415 1231 462 sanctitate
1249 414 1562 462 ineffabilem!
1587 415 1669 479 qui
1698 430 1852 478 quan-

447 509 591 556 quam
628 492 865 539 festinaret
900 490 1093 537 dissolvi
1135 500 1181 537 et
1219 507 1330 537 cum
1364 490 1551 537 Christo
1585 507 1711 549 esse,
1755 506 1853 536 non

446 578 604 617 tamen
639 568 814 615 oblitus
848 567 1151 627 charitatem,
1190 566 1398 613 obtinuit
1433 566 1561 630 apud
1592 567 1854 613 Dominum

445 646 603 693 adhuc
637 662 736 692 esse
770 646 818 691 in
852 643 1061 702 mundo,
1099 653 1150 690 ut
1190 644 1380 690 fratrem
1413 652 1626 690 cerneret
1661 643 1857 708 spiritali

445 723 635 771 intuitu.
662 723 754 769 Sed
779 738 866 769 nec
888 721 1020 768 illum
1044 719 1194 767 infimi
1218 737 1328 767 reor
1355 719 1491 766 fuisse
1512 720 1698 780 meriti,
1721 720 1858 783 cujus

444 799 654 847 adventu
678 800 913 846 Dominus
946 797 1086 861 hujus
1122 797 1269 843 sancti
1299 796 1497 844 dilatare
1535 796 1754 860 dignatus
1789 807 1859 844 est

445 876 561 924 dies.
589 879 656 923 De
676 892 770 940 qua
793 875 1010 923 tarditate
1029 884 1225 939 accepto
1244 875 1413 921 nuntio
1429 912 1439 931 ,
1462 874 1678 938 protinus
1699 874 1856 938 quies·

445 964 581 1001 cente
620 952 748 1000 febre
785 969 927 1000 sanus
968 953 1170 998 surrexit
1210 968 1237 999 a
1281 950 1472 998 lectulo.
1510 952 1618 998 Post
1655 950 1858 997 multum

446 1047 561 1078 vero
587 1040 774 1095 tempus
806 1030 1085 1076 adveniente
1110 1030 1353 1093 episcopo,
1379 1045 1404 1075 a
1426 1027 1553 1075 febre
1584 1027 1855 1092 corripitur,

447 1109 804 1171 ingressumque
851 1106 910 1153 ad
959 1123 1008 1153 se
1049 1107 1218 1153 salutat
1260 1115 1305 1152 et
1344 1105 1600 1163 osculatur,
1650 1104 1814 1152 dicens
1845 1123 1855 1152 :

451 1206 472 1230 «
493 1184 708 1233 Grandes
734 1184 851 1231 mihi
870 1200 1027 1231 moras
1048 1184 1107 1230 de
1128 1184 1293 1230 itinere
1313 1182 1476 1230 debito
1502 1183 1629 1240 facis,
1652 1199 1682 1229 o
1699 1191 1860 1229 sancte

448 1260 696 1308 sacerdos!
723 1260 907 1318 Quibus
940 1258 1240 1323 vigilantibus
1274 1268 1428 1318 nocte,
1454 1274 1558 1322 quae
1585 1267 1684 1305 erat
1707 1257 1860 1304 domi·

449 1339 571 1396 nica,
597 1354 736 1384 mane
760 1338 881 1384 sacto
905 1336 1098 1383 tradidit
1123 1335 1360 1400 spiritum.
1389 1337 1497 1392 Quo
1530 1335 1721 1394 emisso,
1748 1351 1862 1381 mox

449 1416 605 1462 omnis
626 1415 793 1462 cellula
815 1414 875 1461 ab
901 1414 1050 1460 odore
1073 1414 1314 1460 suavitatis
1342 1414 1519 1477 repleta
1543 1422 1644 1459 tota
1668 1421 1860 1459 contre-

451 1487 750 1551 muit3hnde
771 1491 1087 1538 indubitatum
1104 1500 1172 1536 est
1195 1490 1451 1552 angelicam
1470 1489 1648 1536 ibidem
1661 1489 1863 1537 adfuisse

449 1569 694 1628 virtutem,
729 1585 832 1632 quae
870 1567 1019 1614 sancti
1055 1567 1273 1613 meritum
1307 1568 1497 1628 signans
1529 1565 1747 1613 cellulam
1784 1566 1861 1612 di-

451 1645 571 1692 vinis
601 1645 775 1692 faceret
804 1643 1095 1691 aromatibus
1125 1643 1377 1706 effragrare
1404 1660 1415 1688 :
1442 1643 1576 1707 cujus
1607 1643 1862 1706 gloriosum

451 1738 627 1787 corpus
644 1722 864 1770 sacerdos
883 1721 1098 1769 ablutum
1122 1720 1340 1767 recondit
1358 1721 1405 1766 in
1425 1719 1628 1777 tumulo,
1655 1720 1864 1768 Christus

453 1800 662 1846 animam
672 1799 878 1863 suscepit
895 1799 942 1844 in
955 1796 1094 1853 coelo,
1109 1797 1380 1860 relinquens
1393 1797 1640 1860 terrigenis
1652 1796 1866 1863 exempla

454 1877 698 1923 virtutum.
730 1896 751 1919 »

1037 1974 1193 2010 CAPUT
1216 1973 1283 2007 x1.

862 2068 915 2101 De
932 2075 1051 2102 sancto
1070 2067 1275 2114 Caluppane
1291 2066 1461 2101 reclauso.

519 2183 715 2246 Semper
736 2191 986 2247 paupertas
1009 2181 1164 2250 saeculi
1185 2182 1362 2244 regiam
1382 2197 1484 2246 rese
1509 2190 1557 2227 at
1573 2180 1701 2240 coeli,
1723 2190 1864 2245 atque

454 2266 638 2304 utentes
656 2275 705 2305 se
725 2275 822 2305 non
847 2258 994 2306 modo
1019 2267 1248 2323 praeparat
1265 2258 1398 2322 polo,
1418 2274 1583 2304 verum
1603 2258 1747 2305 etiam
1763 2258 1865 2320 glo-

452 2333 660 2381 rificatos
696 2335 932 2382 miraculis
966 2335 1166 2382 illustres
1196 2351 1294 2381 esse
1328 2334 1534 2381 declarat
1567 2335 1614 2380 in
1651 2333 1861 2396 mundo,

453 2426 551 2474 quo
578 2409 630 2457 fit
652 2421 705 2458 ut
732 2411 848 2458 dum
875 2412 954 2458 illa
987 2411 1281 2475 ergastularis
1313 2412 1611 2458 contritionis
1633 2412 1863 2458 revinctio

454 2488 658 2553 paradisi
683 2489 881 2552 januam
912 2489 1150 2553 patefacit,
1183 2489 1343 2536 anima
1367 2489 1588 2552 angelicis
1609 2488 1768 2535 choris
1790 2488 1864 2534 in-

453 2574 574 2612 serta
604 2566 653 2612 in
685 2567 847 2630 requie
877 2567 1161 2631 sempiterna
1192 2566 1414 2630 persultet
1441 2584 1452 2612 :
1481 2566 1624 2623 sicut,
1651 2582 1781 2612 nunc
1803 2565 1864 2612 de

452 2640 595 2688 beato
629 2643 902 2707 Caluppane
935 2643 1174 2701 reclauso,
1202 2642 1333 2707 quod
1358 2659 1523 2688 verum
1552 2642 1862 2704 cognovimus

455 2734 648 2781 prorsus
671 2719 806 2766 silere
831 2720 1100 2784 nequimus.

522 2799 566 2840 ¹l.
606 2797 692 2842 Hic
723 2805 882 2843 autem
920 2796 982 2843 ab
1013 2797 1206 2843 ineunte
1235 2806 1367 2843 aetate
1401 2811 1588 2859 semper
1624 2794 1863 2857 religionis
