2054 3450
377 293 451 329 362
715 266 724 273 ⁴
890 292 1016 328 vlTAE
1044 292 1260 330 PATRUM.

375 379 520 436 coelo,
554 380 672 426 sicut
697 379 909 443 priorum
935 379 1087 425 sanxit
1111 380 1380 436 auctoritaS‚
1406 380 1652 430 luminaria
1678 400 1775 430 ma·
1802 370 1808 374 ’

376 472 467 519 gna
489 455 638 514 dedit,
670 455 908 501 Christum
945 454 1122 502 scilicet
1158 465 1204 502 et
1239 455 1492 503 Ecclesiam
1525 458 1641 520 ejus,
1675 476 1778 524 quae

374 533 563 579 luceant
599 532 646 578 in
682 531 887 578 tenebris
918 533 1190 595 ignorantiae
1227 542 1271 579 et
1310 533 1579 580 illuminent
1618 551 1778 583 sensus

375 609 649 656 humilitatis
680 619 871 665 nostrae,
898 610 1017 656 sicut
1035 612 1241 656 Joannes
1273 606 1556 673 evangelista
1582 610 1642 658 de
1676 612 1778 676 ipso

376 687 457 744 ait,
483 687 596 750 quia
628 686 707 732 hic
732 695 801 733 est
833 686 911 731 lux
947 686 1134 745 mundi,
1167 687 1248 750 qui
1277 706 1299 728 (ι
1326 686 1559 733 illuminat
1589 703 1781 735 omnem

375 763 622 810 hominem
636 763 901 810 venientem
924 763 971 808 in
994 764 1122 809 hunc
1142 762 1394 809 mundum.
1418 782 1439 806 υ
1461 763 1617 810 Posuit
1640 764 1782 811 etiam

377 841 423 886 in
440 857 499 887 eo
517 849 563 886 et
578 839 749 898 stellas,
767 839 1056 904 patriarchas
1068 839 1303 895 videlicet,
1323 839 1579 904 prophetas
1598 849 1785 905 aposto-

375 917 564 980 losque,
592 917 672 979 qui
692 917 766 963 vel
783 916 1009 963 doctrinis
1029 933 1118 963 nos
1136 916 1370 974 erudiant,
1397 915 1470 964 vel
1491 916 1785 964 mirabilibus

377 996 471 1042 suis
504 995 799 1054 illuminent,
838 996 958 1042 sicut
993 995 1040 1041 in
1082 994 1337 1059 Evangelio
1368 995 1456 1056 ait,
1494 995 1605 1059 quia
1645 1014 1667 1038 «
1699 1012 1786 1042 vos

377 1073 486 1118 estis
508 1072 587 1118 lux
611 1072 750 1135 hujus
771 1072 953 1118 mundi.
987 1092 1008 1115 »
1036 1074 1118 1118 Et:
1148 1092 1168 1116 ι(
1192 1074 1266 1119 Sic
1279 1073 1521 1119 luceatlux
1537 1081 1688 1119 vestra
1706 1088 1785 1119 co-

378 1164 479 1195 ram
500 1148 777 1195 hominibus
805 1159 854 1194 ut
878 1148 1067 1195 videant
1091 1165 1237 1213 opera
1256 1159 1406 1195 vestra
1429 1148 1554 1195 bona
1575 1158 1622 1195 et
1644 1148 1785 1212 glori—

379 1224 520 1272 ficent
553 1228 739 1273 Patrem
773 1234 979 1271 vestrum
1017 1226 1098 1289 qui
1135 1235 1202 1272 est
1242 1226 1289 1272 in
1328 1225 1472 1272 coelis.
1508 1246 1530 1269 κ»
1571 1226 1629 1271 Ηί
1657 1226 1786 1272 enim

378 1302 578 1367 apostoli
620 1303 786 1349 merito
828 1318 915 1367 pro
956 1311 1054 1348 tota
1090 1303 1385 1366 accipiuntur
1421 1302 1648 1361 Ecclesia,
1684 1317 1787 1364 quae

379 1396 476 1425 non
497 1378 678 1425 habens
701 1394 862 1442 rugam
898 1388 978 1425 aut
1010 1378 1244 1425 maculam
1279 1378 1525 1442 impolluta
1557 1378 1783 1437 subsistit,

379 1456 498 1502 sicut
516 1455 764 1520 Apostolus
786 1457 865 1514 ait,
887 1457 997 1519 quia
1025 1476 1045 1498 <c
1071 1456 1169 1520 ipse
1192 1455 1281 1501 sibi
1303 1454 1514 1501 exhibuit
1537 1455 1807 1502 Ecclesiam*

382 1531 627 1591 mundam,
652 1548 745 1578 non
766 1532 1023 1579 habentem
1048 1532 1280 1579 maculam
1304 1542 1386 1579 aut
1408 1549 1589 1596 rugam,
1612 1542 1692 1580 aut
1711 1533 1791 1580 ali-

379 1609 493 1672 quid
538 1609 883 1673 hujuscemodi.
930 1629 952 1653 »
1005 1613 1068 1656 Ex
1111 1609 1285 1656 horum
1331 1626 1442 1673 ergo
1484 1610 1701 1657 doctrina
1745 1620 1791 1658 et

380 1703 528 1750 usque
553 1686 613 1733 ad
647 1697 805 1733 nostra
833 1687 1021 1733 suerunt
1051 1697 1264 1751 tempora
1282 1723 1294 1746 ,
1326 1688 1407 1750 qui
1429 1687 1476 1734 in
1503 1687 1597 1734 hoc
1620 1687 1790 1735 saeculo

369 1753 512 1827 [quasi
536 1774 769 1835 astrorum
787 1764 945 1827 jubar,
971 1782 1068 1811 non
1087 1765 1241 1811 solum
1260 1766 1537 1812 meritorum
1554 1764 1792 1812 radiantes

383 1840 511 1899 luce,
559 1858 723 1888 verum
772 1842 913 1888 etiam
950 1841 1228 1907 dogmatum
1265 1841 1588 1906 magnitudine
1624 1858 1790 1888 corus-

381 1927 557 1979 cantes,
583 1918 745 1964 orbem
770 1928 925 1965 totum
945 1918 1079 1965 radio
1102 1935 1196 1965 suae
1219 1919 1563 1983 praedicationis
1588 1919 1791 1965 illustra-

382 2004 578 2054 verunt,
607 2005 772 2040 euntes
797 2012 881 2058 per
915 1994 1020 2041 loca
1053 1995 1234 2057 singula
1263 1994 1584 2059 praedicando,
1611 2010 1665 2041 ac
1687 2010 1792 2041 mo-

384 2071 584 2116 nasteria
595 2071 654 2117 ad
668 2072 882 2117 divinum
896 2071 1076 2117 cultum
1090 2071 1314 2131 locando,
1333 2072 1553 2119 docendo
1572 2071 1793 2118 homines

384 2164 410 2194 a
442 2149 567 2196 curis
589 2148 888 2196 saecularibus
911 2149 1165 2208 abstinere,
1192 2158 1236 2197 et
1259 2149 1431 2196 relictis
1450 2148 1659 2196 tenebris
1680 2164 1794 2195 con-

384 2225 682 2289 cupiscentiae
706 2228 858 2272 Deum
892 2242 1057 2271 verum
1087 2226 1236 2290 sequi,
1266 2243 1351 2290 per
1374 2243 1518 2290 quem
1541 2224 1663 2273 facta
1685 2235 1795 2272 sunt

385 2302 568 2362 omnia;
595 2302 714 2348 sicut
735 2302 794 2348 de
820 2305 940 2348 Urso
964 2301 1285 2366 Leobatioque
1310 2302 1561 2350 abbatibus
1583 2298 1812 2349 fideliumv

386 2379 583 2425 fratrum
606 2379 771 2425 relatio
794 2379 960 2442 signat.

455 2458 498 2501 ¹1.
538 2455 681 2518 Igitur
715 2458 860 2501 Ursus
889 2454 1036 2502 abbas
1064 2454 1340 2502 Cadurcinae
1366 2454 1492 2501 urbis
1514 2454 1669 2501 incola
1691 2454 1791 2514 fuit,

386 2531 446 2579 ab
472 2532 664 2578 ineunte
689 2541 821 2578 aetate
843 2531 1086 2595 religiosus
1120 2541 1166 2577 et
1197 2532 1244 2578 in
1278 2532 1366 2578 Dei
1391 2548 1553 2579 amore
1575 2530 1791 2578 devotus.

388 2613 457 2657 De
483 2627 579 2673 quo
610 2598 819 2673 egressus
853 2610 985 2669 loco,
1026 2610 1284 2656 Bituricum
1314 2610 1568 2656 terminum
1610 2617 1679 2655 est
1715 2610 1796 2655 in-

389 2703 596 2748 gressus,
631 2686 929 2750 fundatisque
970 2687 1262 2734 monasteriis
1295 2686 1423 2750 apud
1458 2686 1792 2746 Tausiriacum,

390 2764 560 2810 Oniam
605 2773 746 2827 atque
783 2763 1138 2819 Ponduiacum,
1185 2762 1491 2826 stabilitisque
1536 2762 1795 2827 praepositis
