2054 3450
321 378 396 413 172
704 373 714 381 ”
836 378 963 414 VITAE
989 378 1206 415 PATRUM.

387 467 432 510 1.
470 463 614 526 Igitur
642 462 939 511 beatissimus
967 464 1273 522 Quintianus,
1300 466 1407 512 Afer
1427 466 1647 526 natione,
1675 475 1722 513 et

318 548 369 584 ut
392 538 585 602 quidam
609 539 797 600 volunt,
825 557 973 605 nepos
993 542 1147 588 Fausti
1168 542 1399 606 episcopi,
1425 543 1506 606 qui
1529 544 1719 607 genitri-

317 631 420 660 cem
449 631 584 662 suam
611 617 855 664 suscitasse
877 616 1167 681 perhibetur,
1194 618 1439 664 sanctitate
1470 619 1714 682 praeditus,

316 691 545 738 virtutum
579 692 689 739 dote
723 692 948 756 fulgidus,
982 693 1220 741 charitatis
1252 694 1457 757 igniculo
1486 694 1717 756 fervidus,

316 767 536 815 castitatis
573 769 691 816 flore
730 771 1018 834 praecipuus,
1063 770 1124 817 ad
1167 770 1491 835 episcopatum
1531 774 1720 819 Rutenae

315 843 520 891 ecclesiae
541 846 743 909 eligitur,
770 847 1016 911 expetitur,
1043 847 1307 894 ordinatur.
1339 851 1391 894 In
1418 864 1514 911 quo
1537 849 1720 912 episco-

315 929 428 984 patu
462 921 696 986 ampliatis
719 923 875 970 adhuc
908 923 1183 982 virtutibus,
1206 941 1316 971 cum
1347 924 1396 971 in
1428 925 1514 971 Dei
1537 941 1723 990 semper

315 996 536 1060 operibus
557 1009 808 1059 cresceret,
830 1009 1016 1047 auctam
1033 1001 1156 1047 beati
1180 1001 1381 1048 Amantii
1405 1001 1621 1048 antistitis
1635 1001 1718 1049 ba-

313 1071 515 1132 silicam,
544 1084 760 1121 sanctum
783 1091 957 1141 corpus
982 1076 1028 1122 in
1059 1086 1197 1124 antea
1223 1077 1482 1135 transtulit;
1514 1077 1596 1124 sed
1620 1094 1720 1125 non

315 1148 400 1196 fuit
423 1161 586 1198 sancto
609 1152 896 1217 acceptabile
918 1153 1012 1200 hoc
1037 1170 1175 1218 opuS.
1209 1153 1345 1201 Unde
1374 1155 1548 1201 factum
1576 1164 1646 1202 est
1669 1163 1721 1202 ut

314 1243 398 1290 per
420 1228 573 1275 visum
594 1246 827 1294 apparens
849 1230 1022 1277 diceret
1049 1232 1091 1277 ei
1115 1249 1124 1276 :
1153 1231 1311 1289 «Quia
1330 1248 1446 1278 ausu
1469 1233 1720 1279 temerario

314 1312 441 1350 artus
463 1304 508 1350 in
532 1321 648 1369 pace
676 1307 970 1369 quiescentes
999 1308 1123 1354 visus
1144 1324 1193 1354 es
1218 1308 1470 1365 amovisse,
1496 1324 1606 1356 ecce
1631 1325 1719 1372 ego

314 1381 572 1429 removebo
601 1392 647 1429 te
680 1383 741 1430 ab
776 1383 865 1431 hac
899 1384 1043 1443 urbe,
1082 1395 1127 1432 et
1161 1385 1252 1432 eris
1281 1385 1412 1432 exsul
1447 1386 1494 1431 in
1531 1386 1723 1448 regione

313 1457 487 1519 altera;
533 1470 858 1507 verumtamen
895 1477 992 1507 non
1028 1461 1283 1525 privaberis
1314 1461 1374 1508 ab
1407 1462 1592 1509 honore
1624 1479 1721 1525 quo

314 1533 493 1582 frueris.
515 1555 535 1578 n
561 1539 663 1583 Non
682 1546 788 1601 post
813 1537 1013 1584 multum
1035 1554 1145 1584 vero
1168 1549 1372 1602 tempus,
1395 1548 1501 1584 orto
1518 1539 1641 1585 inter
1657 1539 1724 1585 ci-

314 1626 392 1656 ves
411 1620 457 1657 et
479 1612 755 1677 episcopum
780 1614 1023 1672 scandalo,
1050 1614 1235 1661 Gothos
1260 1615 1342 1678 qui
1367 1625 1482 1661 tunc
1509 1615 1557 1661 in
1589 1625 1722 1662 ante-

313 1686 438 1733 dicta
460 1687 577 1735 urhe
603 1688 911 1736 morabantur
933 1691 1139 1755 suspicio
1164 1691 1333 1754 attigit,
1360 1691 1493 1755 quod
1509 1708 1558 1738 se
1581 1691 1720 1738 vellet

312 1764 562 1829 episcopus
589 1768 874 1812 Francorum
899 1765 1159 1813 ditionibus
1185 1767 1406 1828 subdere,
1423 1769 1720 1832 consilioque

312 1851 532 1904 accepto,
567 1842 891 1904 cogitaverunt
929 1859 1038 1889 eum
1077 1843 1328 1907 perfodere
1362 1844 1536 1908 gladio.
1577 1845 1720 1902 Quod

312 1932 421 1963 cum
442 1918 546 1964 viro
571 1929 735 1965 sancto
758 1919 1026 1966 nuntiatum
1053 1920 1234 1979 fuisset,
1272 1921 1333 1968 de
1357 1931 1500 1968 nocte
1522 1938 1721 1968 consur-

313 2008 427 2054 gens
441 2030 452 2050 ,
481 2010 591 2040 cum
615 1994 895 2041 fidelissimis
918 1996 1139 2042 ministris
1157 1997 1253 2043 suis
1275 1996 1335 2044 ab
1356 1996 1474 2044 urbe
1495 1997 1574 2044 illa
1595 2013 1722 2061 egre-

311 2068 469 2127 diens,
498 2071 714 2118 Arvernis
734 2071 947 2130 advenit3
979 2071 1137 2136 ibique
1156 2090 1182 2120 a
1205 2084 1370 2121 sancto
1395 2074 1607 2122 Eufrasio
1627 2075 1723 2139 epi-

312 2163 477 2211 scopo,
505 2148 586 2211 qui
610 2147 883 2212 Aprunculo
907 2149 1151 2235 quondam
1179 2149 1374 2196 antistiti
1406 2160 1719 2207 successerat,

313 2234 530 2287 receptus
550 2234 646 2282 est,
678 2225 946 2287 largitisque
972 2226 1014 2272 ei
1047 2235 1145 2272 tam
1169 2225 1394 2273 domibus
1423 2244 1569 2291 quam
1599 2229 1722 2291 agris

314 2310 360 2345 et
383 2300 550 2359 vineis,
577 2300 647 2346 vel
673 2301 773 2357 ille,
805 2301 878 2347 vel
906 2303 987 2366 qui
1023 2302 1323 2365 Lugdunensi
1358 2303 1464 2350 urbi
1497 2314 1717 2368 praeerat,

312 2393 495 2424 summa
527 2394 635 2437 eum
662 2377 900 2441 diligentia
925 2378 1220 2426 excolebant.
1253 2383 1362 2428 Erat
1383 2381 1510 2427 enim
1529 2381 1626 2444 jam
1649 2397 1721 2428 se-

312 2470 429 2513 nex,
465 2465 510 2501 et
541 2471 680 2501 verus
710 2456 797 2502 Dei
831 2455 1001 2502 cultor.
1037 2457 1308 2504 Decedente
1341 2469 1499 2504 autem
1536 2458 1597 2505 ab
1629 2458 1722 2505 hoc

314 2531 496 2577 mundo
517 2542 679 2580 sancto
702 2533 940 2592 Eufrasio,
969 2534 1273 2598 Apollinaris,
1307 2535 1455 2582 tribus
1483 2536 1723 2583 mensibus

312 2608 575 2655 sacerdotio
607 2608 988 2668 subministratO,
1025 2611 1256 2673 migravit.
1292 2613 1411 2657 Cum
1439 2621 1597 2658 autem
1622 2611 1722 2659 haec

310 2683 601 2731 Theoderico
627 2686 719 2748 regi
746 2687 957 2734 nuntiata
982 2687 1200 2745 fuissent,
1221 2687 1355 2750 jussit
1373 2687 1489 2734 inibi
1505 2698 1721 2735 sanctum

311 2759 621 2816 Quintianum
645 2762 889 2821 constitui,
916 2772 961 2808 et
993 2778 1184 2808 ornnem
1214 2763 1256 2809 ei
1287 2772 1566 2827 potestatem
1599 2763 1720 2810 tradi

311 2835 534 2895 ecclesiae,
551 2838 736 2884 dicens:
753 2839 874 2884 «Hic
893 2838 957 2884 ob
982 2839 1130 2885 nostri
1152 2840 1327 2886 amoris
1341 2839 1493 2886 zelum
1518 2840 1578 2887 ab
1602 2841 1728 2907 urbe-
