<?xml version="1.0" encoding="UTF-8"?>
<!DOCTYPE html PUBLIC "-//W3C//DTD XHTML 1.0 Transitional//EN"
    "http://www.w3.org/TR/xhtml1/DTD/xhtml1-transitional.dtd">
<html xmlns="http://www.w3.org/1999/xhtml" xml:lang="en" lang="en">
 <head>
  <title>
</title>
<meta http-equiv="Content-Type" content="text/html;charset=utf-8" />
  <meta name='ocr-system' content='tesseract 3.04.00' />
  <meta name='ocr-capabilities' content='ocr_page ocr_carea ocr_par ocr_line ocrx_word'/>
</head>
<body>
  <div class='ocr_page' id='page_1' title='image "./leslivresdesmira03greguoft_0196.png"; bbox 0 0 2054 3450; ppageno 0'>
   <div class='ocr_carea' id='block_1_1' title="bbox 429 344 1312 383">
    <p class='ocr_par' dir='ltr' id='par_1_1' title="bbox 429 344 1312 383">
     <span class='ocr_line' id='line_1_1' title="bbox 429 344 1312 383; baseline 0 -1"><span class='ocrx_word' id='word_1_1' title='bbox 429 348 444 383; x_wconf 84' lang='lat'><strong>1</strong></span> <span class='ocrx_word' id='word_1_2' title='bbox 455 346 504 381; x_wconf 89' lang='lat'><strong>80</strong></span> <span class='ocrx_word' id='word_1_3' title='bbox 710 345 720 353; x_wconf 76' lang='lat'>⁸</span> <span class='ocrx_word' id='word_1_4' title='bbox 940 345 1068 380; x_wconf 90' lang='lat' dir='ltr'>VITAE</span> <span class='ocrx_word' id='word_1_5' title='bbox 1094 344 1312 382; x_wconf 85' lang='lat' dir='ltr'><strong>PATRUM.</strong></span> 
     </span>
    </p>
   </div>
   <div class='ocr_carea' id='block_1_2' title="bbox 413 431 1833 2035">
    <p class='ocr_par' dir='ltr' id='par_1_2' title="bbox 413 431 1833 2035">
     <span class='ocr_line' id='line_1_2' title="bbox 429 431 1829 497; baseline 0.001 -19"><span class='ocrx_word' id='word_1_6' title='bbox 429 436 576 478; x_wconf 90' lang='lat' dir='ltr'><strong>Porro</strong></span> <span class='ocrx_word' id='word_1_7' title='bbox 599 433 647 478; x_wconf 88' lang='lat' dir='ltr'><strong>in</strong></span> <span class='ocrx_word' id='word_1_8' title='bbox 677 435 887 479; x_wconf 89' lang='lat' dir='ltr'><strong>Arverno</strong></span> <span class='ocrx_word' id='word_1_9' title='bbox 912 431 1123 495; x_wconf 90' lang='lat' dir='ltr'><strong>quodam</strong></span> <span class='ocrx_word' id='word_1_10' title='bbox 1155 440 1367 496; x_wconf 89' lang='lat' dir='ltr'><strong>tempore</strong></span> <span class='ocrx_word' id='word_1_11' title='bbox 1397 449 1508 480; x_wconf 91' lang='lat' dir='ltr'><strong>cum</strong></span> <span class='ocrx_word' id='word_1_12' title='bbox 1538 449 1711 497; x_wconf 90' lang='lat' dir='ltr'><strong>magna</strong></span> <span class='ocrx_word' id='word_1_13' title='bbox 1740 433 1829 480; x_wconf 91' lang='lat' dir='ltr'><strong>sic-</strong></span> 
     </span>
     <span class='ocr_line' id='line_1_3' title="bbox 427 506 1830 574; baseline 0 -20"><span class='ocrx_word' id='word_1_14' title='bbox 427 507 541 555; x_wconf 86' lang='lat' dir='ltr'>citas</span> <span class='ocrx_word' id='word_1_15' title='bbox 567 517 869 555; x_wconf 84' lang='lat' dir='ltr'><strong>consumeret</strong></span> <span class='ocrx_word' id='word_1_16' title='bbox 891 523 1019 568; x_wconf 86' lang='lat' dir='ltr'><strong>arva,</strong></span> <span class='ocrx_word' id='word_1_17' title='bbox 1040 516 1086 555; x_wconf 86' lang='lat' dir='ltr'><strong>et</strong></span> <span class='ocrx_word' id='word_1_18' title='bbox 1106 506 1344 554; x_wconf 82' lang='lat' dir='ltr'><strong>arentibus</strong></span> <span class='ocrx_word' id='word_1_19' title='bbox 1361 507 1521 555; x_wconf 86' lang='lat' dir='ltr'>herbis</span> <span class='ocrx_word' id='word_1_20' title='bbox 1543 509 1673 556; x_wconf 89' lang='lat' dir='ltr'><strong>nulla</strong></span> <span class='ocrx_word' id='word_1_21' title='bbox 1695 507 1830 574; x_wconf 91' lang='lat' dir='ltr'><strong>peni-</strong></span> 
     </span>
     <span class='ocr_line' id='line_1_4' title="bbox 428 585 1831 650; baseline 0.002 -19"><span class='ocrx_word' id='word_1_22' title='bbox 428 594 500 632; x_wconf 91' lang='lat' dir='ltr'><strong>tus</strong></span> <span class='ocrx_word' id='word_1_23' title='bbox 513 586 741 650; x_wconf 88' lang='lat' dir='ltr'><strong>jumentis</strong></span> <span class='ocrx_word' id='word_1_24' title='bbox 762 585 938 650; x_wconf 87' lang='lat' dir='ltr'><strong>pabula</strong></span> <span class='ocrx_word' id='word_1_25' title='bbox 962 594 1262 633; x_wconf 81' lang='lat' dir='ltr'><strong>remanerent</strong></span> <span class='ocrx_word' id='word_1_26' title='bbox 1277 622 1289 643; x_wconf 93' lang='lat'><strong>,</strong></span> <span class='ocrx_word' id='word_1_27' title='bbox 1314 593 1362 632; x_wconf 91' lang='lat' dir='ltr'><strong>et</strong></span> <span class='ocrx_word' id='word_1_28' title='bbox 1383 595 1572 633; x_wconf 89' lang='lat' dir='ltr'><strong>sanctus</strong></span> <span class='ocrx_word' id='word_1_29' title='bbox 1589 587 1676 634; x_wconf 89' lang='lat' dir='ltr'><strong>Dei</strong></span> <span class='ocrx_word' id='word_1_30' title='bbox 1699 601 1831 650; x_wconf 87' lang='lat' dir='ltr'><strong>roga-</strong></span> 
     </span>
     <span class='ocr_line' id='line_1_5' title="bbox 425 661 1831 728; baseline 0.002 -20"><span class='ocrx_word' id='word_1_31' title='bbox 425 663 578 710; x_wconf 85' lang='lat' dir='ltr'><strong>tiones</strong></span> <span class='ocrx_word' id='word_1_32' title='bbox 594 662 714 724; x_wconf 90' lang='lat' dir='ltr'><strong>illas,</strong></span> <span class='ocrx_word' id='word_1_33' title='bbox 730 679 834 727; x_wconf 89' lang='lat' dir='ltr'><strong>quae</strong></span> <span class='ocrx_word' id='word_1_34' title='bbox 845 673 952 711; x_wconf 89' lang='lat' dir='ltr'><strong>ante</strong></span> <span class='ocrx_word' id='word_1_35' title='bbox 975 662 1304 709; x_wconf 78' lang='lat' dir='ltr'><strong>Ascensionem</strong></span> <span class='ocrx_word' id='word_1_36' title='bbox 1321 661 1612 710; x_wconf 82' lang='lat' dir='ltr'><strong>dominicam</strong></span> <span class='ocrx_word' id='word_1_37' title='bbox 1628 674 1831 728; x_wconf 86' lang='lat' dir='ltr'><strong>aguntur</strong></span> 
     </span>
     <span class='ocr_line' id='line_1_6' title="bbox 426 738 1833 803; baseline 0.001 -18"><span class='ocrx_word' id='word_1_38' title='bbox 426 738 725 787; x_wconf 88' lang='lat' dir='ltr'><strong>devotissime</strong></span> <span class='ocrx_word' id='word_1_39' title='bbox 748 739 1029 801; x_wconf 85' lang='lat' dir='ltr'><strong>celebraret;</strong></span> <span class='ocrx_word' id='word_1_40' title='bbox 1055 739 1132 786; x_wconf 91' lang='lat' dir='ltr'><strong>die</strong></span> <span class='ocrx_word' id='word_1_41' title='bbox 1154 739 1288 786; x_wconf 87' lang='lat' dir='ltr'><strong>tertia</strong></span> <span class='ocrx_word' id='word_1_42' title='bbox 1309 755 1421 785; x_wconf 92' lang='lat' dir='ltr'><strong>cum</strong></span> <span class='ocrx_word' id='word_1_43' title='bbox 1436 738 1535 802; x_wconf 89' lang='lat' dir='ltr'><strong>jam</strong></span> <span class='ocrx_word' id='word_1_44' title='bbox 1554 749 1701 803; x_wconf 86' lang='lat' dir='ltr'><strong>portae</strong></span> <span class='ocrx_word' id='word_1_45' title='bbox 1723 740 1833 787; x_wconf 89' lang='lat' dir='ltr'><strong>c&#39;ivi-</strong></span> 
     </span>
     <span class='ocr_line' id='line_1_7' title="bbox 427 815 1830 883; baseline 0.001 -20"><span class='ocrx_word' id='word_1_46' title='bbox 427 817 531 864; x_wconf 86' lang='lat' dir='ltr'><strong>tatis</strong></span> <span class='ocrx_word' id='word_1_47' title='bbox 543 818 997 883; x_wconf 84' lang='lat' dir='ltr'><strong>appropinquarent,</strong></span> <span class='ocrx_word' id='word_1_48' title='bbox 1014 825 1269 880; x_wconf 86' lang='lat' dir='ltr'><strong>suggerunt</strong></span> <span class='ocrx_word' id='word_1_49' title='bbox 1283 815 1327 862; x_wconf 89' lang='lat' dir='ltr'><strong>ei</strong></span> <span class='ocrx_word' id='word_1_50' title='bbox 1342 825 1393 862; x_wconf 92' lang='lat' dir='ltr'><strong>ut</strong></span> <span class='ocrx_word' id='word_1_51' title='bbox 1405 816 1503 881; x_wconf 89' lang='lat' dir='ltr'><strong>ipse</strong></span> <span class='ocrx_word' id='word_1_52' title='bbox 1518 815 1830 881; x_wconf 86' lang='lat' dir='ltr'><strong>antiphonam</strong></span> 
     </span>
     <span class='ocr_line' id='line_1_8' title="bbox 425 892 1828 959; baseline 0 -20"><span class='ocrx_word' id='word_1_53' title='bbox 425 892 698 956; x_wconf 83' lang='lat' dir='ltr'><strong>dignaretur</strong></span> <span class='ocrx_word' id='word_1_54' title='bbox 721 894 983 959; x_wconf 86' lang='lat' dir='ltr'><strong>imponere,</strong></span> <span class='ocrx_word' id='word_1_55' title='bbox 1005 893 1213 940; x_wconf 87' lang='lat' dir='ltr'><strong>dicentes</strong></span> <span class='ocrx_word' id='word_1_56' title='bbox 1236 911 1247 939; x_wconf 90' lang='lat'><strong>:</strong></span> <span class='ocrx_word' id='word_1_57' title='bbox 1266 893 1430 953; x_wconf 86' lang='lat' dir='ltr'><strong>«Situ,</strong></span> <span class='ocrx_word' id='word_1_58' title='bbox 1453 892 1588 940; x_wconf 90' lang='lat' dir='ltr'><strong>beate</strong></span> <span class='ocrx_word' id='word_1_59' title='bbox 1600 893 1828 957; x_wconf 83' lang='lat' dir='ltr'><strong>pontifex,</strong></span> 
     </span>
     <span class='ocr_line' id='line_1_9' title="bbox 424 969 1832 1036; baseline 0.001 -20"><span class='ocrx_word' id='word_1_60' title='bbox 424 970 595 1018; x_wconf 90' lang='lat' dir='ltr'><strong>devote</strong></span> <span class='ocrx_word' id='word_1_61' title='bbox 616 971 928 1036; x_wconf 86' lang='lat' dir='ltr'><strong>antiphonam</strong></span> <span class='ocrx_word' id='word_1_62' title='bbox 954 971 1252 1035; x_wconf 90' lang='lat' dir='ltr'><strong>imposueris,</strong></span> <span class='ocrx_word' id='word_1_63' title='bbox 1278 969 1564 1017; x_wconf 84' lang='lat' dir='ltr'><strong>confidimus</strong></span> <span class='ocrx_word' id='word_1_64' title='bbox 1583 969 1643 1018; x_wconf 87' lang='lat' dir='ltr'><strong>de</strong></span> <span class='ocrx_word' id='word_1_65' title='bbox 1661 971 1832 1018; x_wconf 88' lang='lat' dir='ltr'><strong>sancti-</strong></span> 
     </span>
     <span class='ocr_line' id='line_1_10' title="bbox 425 1046 1833 1113; baseline 0.001 -20"><span class='ocrx_word' id='word_1_66' title='bbox 425 1056 519 1095; x_wconf 87' lang='lat' dir='ltr'><strong>tate</strong></span> <span class='ocrx_word' id='word_1_67' title='bbox 535 1058 632 1108; x_wconf 86' lang='lat' dir='ltr'><strong>tua,</strong></span> <span class='ocrx_word' id='word_1_68' title='bbox 654 1048 787 1112; x_wconf 93' lang='lat' dir='ltr'><strong>quod</strong></span> <span class='ocrx_word' id='word_1_69' title='bbox 806 1049 1022 1113; x_wconf 91' lang='lat' dir='ltr'><strong>protinus</strong></span> <span class='ocrx_word' id='word_1_70' title='bbox 1037 1046 1178 1095; x_wconf 88' lang='lat' dir='ltr'><strong>nobis</strong></span> <span class='ocrx_word' id='word_1_71' title='bbox 1195 1047 1430 1094; x_wconf 89' lang='lat' dir='ltr'><strong>Dominus</strong></span> <span class='ocrx_word' id='word_1_72' title='bbox 1445 1046 1654 1112; x_wconf 88' lang='lat' dir='ltr'><strong>pluviam</strong></span> <span class='ocrx_word' id='word_1_73' title='bbox 1669 1046 1833 1111; x_wconf 88' lang='lat' dir='ltr'><strong>digna-</strong></span> 
     </span>
     <span class='ocr_line' id='line_1_11' title="bbox 424 1123 1833 1191; baseline 0.001 -21"><span class='ocrx_word' id='word_1_74' title='bbox 424 1123 552 1171; x_wconf 87' lang='lat' dir='ltr'><strong>bitur</strong></span> <span class='ocrx_word' id='word_1_75' title='bbox 574 1124 780 1189; x_wconf 85' lang='lat' dir='ltr'><strong>benigna</strong></span> <span class='ocrx_word' id='word_1_76' title='bbox 802 1127 972 1191; x_wconf 85' lang='lat' dir='ltr'><strong>pietate</strong></span> <span class='ocrx_word' id='word_1_77' title='bbox 995 1125 1167 1190; x_wconf 86' lang='lat' dir='ltr'><strong>largiri.</strong></span> <span class='ocrx_word' id='word_1_78' title='bbox 1188 1145 1210 1168; x_wconf 72' lang='lat'><strong>2&gt;</strong></span> <span class='ocrx_word' id='word_1_79' title='bbox 1230 1127 1288 1172; x_wconf 92' lang='lat' dir='ltr'><strong>At</strong></span> <span class='ocrx_word' id='word_1_80' title='bbox 1308 1124 1386 1172; x_wconf 88' lang='lat' dir='ltr'><strong>ille</strong></span> <span class='ocrx_word' id='word_1_81' title='bbox 1408 1134 1669 1190; x_wconf 88' lang='lat' dir='ltr'><strong>prostratus</strong></span> <span class='ocrx_word' id='word_1_82' title='bbox 1690 1141 1833 1190; x_wconf 89' lang='lat' dir='ltr'><strong>super</strong></span> 
     </span>
     <span class='ocr_line' id='line_1_12' title="bbox 422 1192 1830 1267; baseline 0.001 -20"><span class='ocrx_word' id='word_1_83' title='bbox 422 1200 629 1248; x_wconf 88' lang='lat' dir='ltr'><strong>cilicium</strong></span> <span class='ocrx_word' id='word_1_84' title='bbox 666 1219 805 1249; x_wconf 91' lang='lat' dir='ltr'><strong>suum</strong></span> <span class='ocrx_word' id='word_1_85' title='bbox 819 1239 834 1259; x_wconf 92' lang='lat'><em>‚</em></span> <span class='ocrx_word' id='word_1_86' title='bbox 873 1203 921 1249; x_wconf 92' lang='lat' dir='ltr'><strong>in</strong></span> <span class='ocrx_word' id='word_1_87' title='bbox 959 1203 1060 1267; x_wconf 87' lang='lat' dir='ltr'><strong>ipsa</strong></span> <span class='ocrx_word' id='word_1_88' title='bbox 1095 1201 1250 1267; x_wconf 88' lang='lat' dir='ltr'><strong>platea</strong></span> <span class='ocrx_word' id='word_1_89' title='bbox 1285 1192 1546 1249; x_wconf 88' lang='lat' dir='ltr'><strong>diutissime</strong></span> <span class='ocrx_word' id='word_1_90' title='bbox 1575 1219 1686 1249; x_wconf 90' lang='lat' dir='ltr'><strong>cum</strong></span> <span class='ocrx_word' id='word_1_91' title='bbox 1717 1202 1830 1250; x_wconf 89' lang='lat' dir='ltr'><strong>fletu</strong></span> 
     </span>
     <span class='ocr_line' id='line_1_13' title="bbox 420 1278 1827 1344; baseline 0 -18"><span class='ocrx_word' id='word_1_92' title='bbox 420 1281 588 1327; x_wconf 83' lang='lat' dir='ltr'><strong>oravit.</strong></span> <span class='ocrx_word' id='word_1_93' title='bbox 618 1284 883 1344; x_wconf 81' lang='lat' dir='ltr'><strong>Exsurgens</strong></span> <span class='ocrx_word' id='word_1_94' title='bbox 903 1290 1060 1328; x_wconf 88' lang='lat' dir='ltr'><strong>autem</strong></span> <span class='ocrx_word' id='word_1_95' title='bbox 1079 1279 1392 1344; x_wconf 85' lang='lat' dir='ltr'><strong>antiphonam</strong></span> <span class='ocrx_word' id='word_1_96' title='bbox 1411 1295 1557 1344; x_wconf 91' lang='lat' dir='ltr'><strong>quam</strong></span> <span class='ocrx_word' id='word_1_97' title='bbox 1580 1278 1827 1344; x_wconf 86' lang='lat' dir='ltr'><strong>petebant,</strong></span> 
     </span>
     <span class='ocr_line' id='line_1_14' title="bbox 422 1356 1827 1422; baseline 0 -19"><span class='ocrx_word' id='word_1_98' title='bbox 422 1366 473 1403; x_wconf 93' lang='lat' dir='ltr'><strong>ut</strong></span> <span class='ocrx_word' id='word_1_99' title='bbox 491 1357 638 1404; x_wconf 88' lang='lat' dir='ltr'><strong>virtus</strong></span> <span class='ocrx_word' id='word_1_100' title='bbox 663 1358 763 1419; x_wconf 86' lang='lat' dir='ltr'><strong>fuit,</strong></span> <span class='ocrx_word' id='word_1_101' title='bbox 784 1358 1008 1422; x_wconf 89' lang='lat' dir='ltr'><strong>imposuit</strong></span> <span class='ocrx_word' id='word_1_102' title='bbox 1028 1375 1038 1403; x_wconf 91' lang='lat'>:</span> <span class='ocrx_word' id='word_1_103' title='bbox 1061 1356 1206 1404; x_wconf 89' lang='lat' dir='ltr'><strong>verba</strong></span> <span class='ocrx_word' id='word_1_104' title='bbox 1229 1367 1386 1404; x_wconf 90' lang='lat' dir='ltr'><strong>autem</strong></span> <span class='ocrx_word' id='word_1_105' title='bbox 1407 1357 1506 1420; x_wconf 87' lang='lat' dir='ltr'><strong>ejus</strong></span> <span class='ocrx_word' id='word_1_106' title='bbox 1524 1373 1580 1404; x_wconf 87' lang='lat' dir='ltr'><strong>ex</strong></span> <span class='ocrx_word' id='word_1_107' title='bbox 1601 1356 1679 1404; x_wconf 90' lang='lat' dir='ltr'><strong>illa</strong></span> <span class='ocrx_word' id='word_1_108' title='bbox 1694 1356 1827 1404; x_wconf 83' lang='lat' dir='ltr'><strong>Salo-</strong></span> 
     </span>
     <span class='ocr_line' id='line_1_15' title="bbox 420 1431 1830 1482; baseline 0 -3"><span class='ocrx_word' id='word_1_109' title='bbox 420 1434 616 1481; x_wconf 86' lang='lat' dir='ltr'><strong>mouicae</strong></span> <span class='ocrx_word' id='word_1_110' title='bbox 648 1435 875 1481; x_wconf 87' lang='lat' dir='ltr'><strong>orationis</strong></span> <span class='ocrx_word' id='word_1_111' title='bbox 907 1434 1034 1482; x_wconf 87' lang='lat' dir='ltr'><strong>edita</strong></span> <span class='ocrx_word' id='word_1_112' title='bbox 1061 1434 1162 1481; x_wconf 86' lang='lat' dir='ltr'><strong>haec</strong></span> <span class='ocrx_word' id='word_1_113' title='bbox 1190 1442 1324 1481; x_wconf 85' lang='lat' dir='ltr'><strong>eraut</strong></span> <span class='ocrx_word' id='word_1_114' title='bbox 1350 1452 1360 1479; x_wconf 93' lang='lat'>:</span> <span class='ocrx_word' id='word_1_115' title='bbox 1392 1453 1415 1478; x_wconf 89' lang='lat'>«</span> <span class='ocrx_word' id='word_1_116' title='bbox 1441 1433 1490 1479; x_wconf 92' lang='lat' dir='ltr'><strong>Si</strong></span> <span class='ocrx_word' id='word_1_117' title='bbox 1523 1432 1684 1480; x_wconf 87' lang='lat' dir='ltr'><strong>clauso</strong></span> <span class='ocrx_word' id='word_1_118' title='bbox 1709 1431 1830 1480; x_wconf 90' lang='lat' dir='ltr'><strong>coelo</strong></span> 
     </span>
     <span class='ocr_line' id='line_1_16' title="bbox 419 1509 1831 1576; baseline 0 -20"><span class='ocrx_word' id='word_1_119' title='bbox 419 1510 587 1574; x_wconf 69' lang='lat' dir='ltr'><strong>pluviae</strong></span> <span class='ocrx_word' id='word_1_120' title='bbox 604 1528 703 1557; x_wconf 86' lang='lat' dir='ltr'><strong>non</strong></span> <span class='ocrx_word' id='word_1_121' title='bbox 728 1511 900 1558; x_wconf 85' lang='lat' dir='ltr'><strong>fuerint</strong></span> <span class='ocrx_word' id='word_1_122' title='bbox 917 1520 1114 1576; x_wconf 83' lang='lat' dir='ltr'><strong>propter</strong></span> <span class='ocrx_word' id='word_1_123' title='bbox 1136 1519 1327 1575; x_wconf 90' lang='lat' dir='ltr'><strong>peccata</strong></span> <span class='ocrx_word' id='word_1_124' title='bbox 1345 1509 1529 1575; x_wconf 90' lang='lat' dir='ltr'><strong>populi,</strong></span> <span class='ocrx_word' id='word_1_125' title='bbox 1550 1518 1596 1556; x_wconf 90' lang='lat' dir='ltr'><strong>et</strong></span> <span class='ocrx_word' id='word_1_126' title='bbox 1614 1509 1831 1556; x_wconf 85' lang='lat' dir='ltr'><strong>conversi</strong></span> 
     </span>
     <span class='ocr_line' id='line_1_17' title="bbox 417 1586 1830 1651; baseline 0.001 -19"><span class='ocrx_word' id='word_1_127' title='bbox 417 1586 652 1651; x_wconf 90' lang='lat' dir='ltr'><strong>deprecati</strong></span> <span class='ocrx_word' id='word_1_128' title='bbox 684 1587 857 1634; x_wconf 87' lang='lat' dir='ltr'><strong>fuerint</strong></span> <span class='ocrx_word' id='word_1_129' title='bbox 887 1587 1055 1634; x_wconf 89' lang='lat' dir='ltr'><strong>faciem</strong></span> <span class='ocrx_word' id='word_1_130' title='bbox 1088 1597 1246 1647; x_wconf 84' lang='lat' dir='ltr'><strong>tuam3</strong></span> <span class='ocrx_word' id='word_1_131' title='bbox 1278 1587 1471 1647; x_wconf 84' lang='lat' dir='ltr'><strong>exaudi,</strong></span> <span class='ocrx_word' id='word_1_132' title='bbox 1509 1587 1743 1644; x_wconf 90' lang='lat' dir='ltr'><strong>Domine,</strong></span> <span class='ocrx_word' id='word_1_133' title='bbox 1783 1595 1830 1634; x_wconf 90' lang='lat' dir='ltr'><strong>et</strong></span> 
     </span>
     <span class='ocr_line' id='line_1_18' title="bbox 417 1662 1829 1729; baseline 0.001 -19"><span class='ocrx_word' id='word_1_134' title='bbox 417 1662 600 1711; x_wconf 85' lang='lat' dir='ltr'><strong>dimitte</strong></span> <span class='ocrx_word' id='word_1_135' title='bbox 616 1674 810 1728; x_wconf 89' lang='lat' dir='ltr'><strong>peccata</strong></span> <span class='ocrx_word' id='word_1_136' title='bbox 826 1664 993 1729; x_wconf 88' lang='lat' dir='ltr'><strong>populi</strong></span> <span class='ocrx_word' id='word_1_137' title='bbox 1011 1664 1107 1722; x_wconf 90' lang='lat' dir='ltr'><strong>tui,</strong></span> <span class='ocrx_word' id='word_1_138' title='bbox 1130 1674 1178 1711; x_wconf 94' lang='lat' dir='ltr'><strong>et</strong></span> <span class='ocrx_word' id='word_1_139' title='bbox 1198 1663 1261 1712; x_wconf 90' lang='lat' dir='ltr'><strong>da</strong></span> <span class='ocrx_word' id='word_1_140' title='bbox 1282 1663 1492 1729; x_wconf 87' lang='lat' dir='ltr'><strong>pluviam</strong></span> <span class='ocrx_word' id='word_1_141' title='bbox 1510 1673 1661 1724; x_wconf 85' lang='lat' dir='ltr'><strong>terrae,</strong></span> <span class='ocrx_word' id='word_1_142' title='bbox 1683 1679 1829 1728; x_wconf 90' lang='lat' dir='ltr'><strong>quam</strong></span> 
     </span>
     <span class='ocr_line' id='line_1_19' title="bbox 415 1739 1827 1806; baseline 0 -20"><span class='ocrx_word' id='word_1_143' title='bbox 415 1739 586 1787; x_wconf 86' lang='lat' dir='ltr'><strong>dedisti</strong></span> <span class='ocrx_word' id='word_1_144' title='bbox 609 1740 789 1806; x_wconf 90' lang='lat' dir='ltr'><strong>populo</strong></span> <span class='ocrx_word' id='word_1_145' title='bbox 813 1750 897 1788; x_wconf 92' lang='lat' dir='ltr'><strong>tuo</strong></span> <span class='ocrx_word' id='word_1_146' title='bbox 919 1740 982 1788; x_wconf 89' lang='lat' dir='ltr'><strong>ad</strong></span> <span class='ocrx_word' id='word_1_147' title='bbox 1002 1740 1388 1805; x_wconf 48' lang='lat' dir='ltr'><strong>possidendum&amp;</strong></span> <span class='ocrx_word' id='word_1_148' title='bbox 1411 1759 1435 1784; x_wconf 89' lang='lat'>»</span> <span class='ocrx_word' id='word_1_149' title='bbox 1460 1742 1678 1804; x_wconf 90' lang='lat' dir='ltr'><strong>Cumque</strong></span> <span class='ocrx_word' id='word_1_150' title='bbox 1699 1739 1827 1804; x_wconf 91' lang='lat' dir='ltr'><strong>psal—</strong></span> 
     </span>
     <span class='ocr_line' id='line_1_20' title="bbox 414 1816 1828 1882; baseline 0 -19"><span class='ocrx_word' id='word_1_151' title='bbox 414 1816 510 1863; x_wconf 87' lang='lat' dir='ltr'><strong>lere</strong></span> <span class='ocrx_word' id='word_1_152' title='bbox 528 1816 828 1864; x_wconf 89' lang='lat' dir='ltr'><strong>devotissime</strong></span> <span class='ocrx_word' id='word_1_153' title='bbox 850 1818 1103 1882; x_wconf 90' lang='lat' dir='ltr'><strong>coepissent</strong></span> <span class='ocrx_word' id='word_1_154' title='bbox 1117 1855 1129 1878; x_wconf 95' lang='lat'><strong>,</strong></span> <span class='ocrx_word' id='word_1_155' title='bbox 1155 1817 1420 1882; x_wconf 87' lang='lat' dir='ltr'><strong>penetravit</strong></span> <span class='ocrx_word' id='word_1_156' title='bbox 1443 1816 1634 1864; x_wconf 85' lang='lat' dir='ltr'><strong>excelsae</strong></span> <span class='ocrx_word' id='word_1_157' title='bbox 1656 1825 1828 1881; x_wconf 90' lang='lat' dir='ltr'><strong>poten-</strong></span> 
     </span>
     <span class='ocr_line' id='line_1_21' title="bbox 413 1893 1829 1954; baseline 0.002 -15"><span class='ocrx_word' id='word_1_158' title='bbox 413 1893 487 1940; x_wconf 86' lang='lat' dir='ltr'><strong>tiae</strong></span> <span class='ocrx_word' id='word_1_159' title='bbox 511 1910 647 1941; x_wconf 86' lang='lat' dir='ltr'><strong>aures</strong></span> <span class='ocrx_word' id='word_1_160' title='bbox 669 1894 861 1941; x_wconf 90' lang='lat' dir='ltr'><strong>humilis</strong></span> <span class='ocrx_word' id='word_1_161' title='bbox 883 1895 1038 1942; x_wconf 87' lang='lat' dir='ltr'><strong>oratio</strong></span> <span class='ocrx_word' id='word_1_162' title='bbox 1062 1894 1373 1954; x_wconf 78' lang='lat' dir='ltr'><strong>confessoris3</strong></span> <span class='ocrx_word' id='word_1_163' title='bbox 1397 1904 1445 1942; x_wconf 91' lang='lat' dir='ltr'><strong>et</strong></span> <span class='ocrx_word' id='word_1_164' title='bbox 1469 1909 1579 1941; x_wconf 91' lang='lat' dir='ltr'><strong>ecce</strong></span> <span class='ocrx_word' id='word_1_165' title='bbox 1600 1903 1829 1942; x_wconf 88' lang='lat' dir='ltr'><strong>contene-</strong></span> 
     </span>
     <span class='ocr_line' id='line_1_22' title="bbox 414 1969 1826 2035; baseline 0 -19"><span class='ocrx_word' id='word_1_166' title='bbox 414 1969 603 2017; x_wconf 91' lang='lat' dir='ltr'><strong>bratum</strong></span> <span class='ocrx_word' id='word_1_167' title='bbox 628 1980 696 2018; x_wconf 89' lang='lat' dir='ltr'><strong>est</strong></span> <span class='ocrx_word' id='word_1_168' title='bbox 718 1971 893 2018; x_wconf 86' lang='lat' dir='ltr'><strong>coelum</strong></span> <span class='ocrx_word' id='word_1_169' title='bbox 906 1988 961 2019; x_wconf 91' lang='lat' dir='ltr'><strong>ac</strong></span> <span class='ocrx_word' id='word_1_170' title='bbox 975 1970 1186 2018; x_wconf 89' lang='lat' dir='ltr'><strong>nubibus</strong></span> <span class='ocrx_word' id='word_1_171' title='bbox 1200 1971 1468 2030; x_wconf 89' lang='lat' dir='ltr'><strong>obtectum;</strong></span> <span class='ocrx_word' id='word_1_172' title='bbox 1488 1980 1534 2018; x_wconf 89' lang='lat' dir='ltr'><strong>et</strong></span> <span class='ocrx_word' id='word_1_173' title='bbox 1548 1970 1826 2035; x_wconf 89' lang='lat' dir='ltr'><strong>priusquam</strong></span> 
     </span>
    </p>
   </div>
   <div class='ocr_carea' id='block_1_3' title="bbox 414 2045 1826 2186">
    <p class='ocr_par' dir='ltr' id='par_1_3' title="bbox 414 2045 1826 2186">
     <span class='ocr_line' id='line_1_23' title="bbox 414 2045 1826 2112; baseline 0 -19"><span class='ocrx_word' id='word_1_174' title='bbox 414 2056 600 2111; x_wconf 90' lang='lat' dir='ltr'><strong>portam</strong></span> <span class='ocrx_word' id='word_1_175' title='bbox 625 2047 754 2094; x_wconf 89' lang='lat' dir='ltr'><strong>urbis</strong></span> <span class='ocrx_word' id='word_1_176' title='bbox 781 2049 1089 2111; x_wconf 85' lang='lat' dir='ltr'><strong>attingerent,</strong></span> <span class='ocrx_word' id='word_1_177' title='bbox 1117 2047 1361 2095; x_wconf 89' lang='lat' dir='ltr'><strong>descendit</strong></span> <span class='ocrx_word' id='word_1_178' title='bbox 1385 2046 1546 2112; x_wconf 89' lang='lat' dir='ltr'><strong>pluvia</strong></span> <span class='ocrx_word' id='word_1_179' title='bbox 1567 2045 1826 2094; x_wconf 87' lang='lat' dir='ltr'><strong>vehemens</strong></span> 
     </span>
     <span class='ocr_line' id='line_1_24' title="bbox 414 2119 1825 2186; baseline -0.001 -19"><span class='ocrx_word' id='word_1_180' title='bbox 414 2137 555 2186; x_wconf 90' lang='lat' dir='ltr'><strong>super</strong></span> <span class='ocrx_word' id='word_1_181' title='bbox 572 2122 842 2168; x_wconf 90' lang='lat' dir='ltr'><strong>universam</strong></span> <span class='ocrx_word' id='word_1_182' title='bbox 863 2131 1035 2169; x_wconf 87' lang='lat' dir='ltr'><strong>terram</strong></span> <span class='ocrx_word' id='word_1_183' title='bbox 1060 2121 1188 2169; x_wconf 90' lang='lat' dir='ltr'><strong>illam</strong></span> <span class='ocrx_word' id='word_1_184' title='bbox 1203 2156 1215 2180; x_wconf 96' lang='lat'><strong>,</strong></span> <span class='ocrx_word' id='word_1_185' title='bbox 1241 2120 1305 2166; x_wconf 90' lang='lat' dir='ltr'><strong>ita</strong></span> <span class='ocrx_word' id='word_1_186' title='bbox 1329 2129 1381 2166; x_wconf 92' lang='lat' dir='ltr'><strong>ut</strong></span> <span class='ocrx_word' id='word_1_187' title='bbox 1403 2135 1570 2167; x_wconf 90' lang='lat' dir='ltr'><strong>omnes</strong></span> <span class='ocrx_word' id='word_1_188' title='bbox 1594 2119 1825 2166; x_wconf 90' lang='lat' dir='ltr'><strong>miraren-</strong></span> 
     </span>
    </p>
   </div>
   <div class='ocr_carea' id='block_1_4' title="bbox 411 2196 1824 2725">
    <p class='ocr_par' dir='ltr' id='par_1_4' title="bbox 412 2196 1822 2340">
     <span class='ocr_line' id='line_1_25' title="bbox 414 2196 1822 2263; baseline 0 -19"><span class='ocrx_word' id='word_1_189' title='bbox 414 2207 508 2258; x_wconf 91' lang='lat' dir='ltr'><strong>tur,</strong></span> <span class='ocrx_word' id='word_1_190' title='bbox 543 2214 599 2246; x_wconf 88' lang='lat' dir='ltr'><strong>ac</strong></span> <span class='ocrx_word' id='word_1_191' title='bbox 633 2198 844 2246; x_wconf 91' lang='lat' dir='ltr'><strong>dicerent</strong></span> <span class='ocrx_word' id='word_1_192' title='bbox 868 2198 930 2246; x_wconf 90' lang='lat' dir='ltr'><strong>ad</strong></span> <span class='ocrx_word' id='word_1_193' title='bbox 960 2215 1123 2263; x_wconf 87' lang='lat' dir='ltr'><strong>preces</strong></span> <span class='ocrx_word' id='word_1_194' title='bbox 1155 2197 1250 2245; x_wconf 92' lang='lat' dir='ltr'><strong>hoc</strong></span> <span class='ocrx_word' id='word_1_195' title='bbox 1283 2197 1408 2244; x_wconf 84' lang='lat' dir='ltr'><strong>beati</strong></span> <span class='ocrx_word' id='word_1_196' title='bbox 1440 2196 1527 2244; x_wconf 92' lang='lat' dir='ltr'><strong>viri</strong></span> <span class='ocrx_word' id='word_1_197' title='bbox 1557 2196 1699 2244; x_wconf 90' lang='lat' dir='ltr'><strong>fuisse</strong></span> <span class='ocrx_word' id='word_1_198' title='bbox 1728 2196 1822 2244; x_wconf 89' lang='lat' dir='ltr'><strong>lar-</strong></span> 
     </span>
     <span class='ocr_line' id='line_1_26' title="bbox 412 2275 580 2340; baseline 0 -19"><span class='ocrx_word' id='word_1_199' title='bbox 412 2275 580 2340; x_wconf 85' lang='lat' dir='ltr'><strong>gitum.</strong></span> 
     </span>
    </p>

    <p class='ocr_par' dir='ltr' id='par_1_5' title="bbox 411 2353 1824 2725">
     <span class='ocr_line' id='line_1_27' title="bbox 479 2353 1824 2415; baseline -0.003 -13"><span class='ocrx_word' id='word_1_200' title='bbox 479 2358 525 2402; x_wconf 90' lang='lat'><strong>5.</strong></span> <span class='ocrx_word' id='word_1_201' title='bbox 564 2355 728 2402; x_wconf 87' lang='lat' dir='ltr'><strong>Senuit</strong></span> <span class='ocrx_word' id='word_1_202' title='bbox 757 2364 917 2402; x_wconf 86' lang='lat' dir='ltr'><strong>autem</strong></span> <span class='ocrx_word' id='word_1_203' title='bbox 948 2353 1169 2402; x_wconf 87' lang='lat' dir='ltr'><strong>sacerdos</strong></span> <span class='ocrx_word' id='word_1_204' title='bbox 1192 2354 1305 2415; x_wconf 93' lang='lat' dir='ltr'><strong>Dei,</strong></span> <span class='ocrx_word' id='word_1_205' title='bbox 1333 2361 1380 2400; x_wconf 94' lang='lat' dir='ltr'><strong>et</strong></span> <span class='ocrx_word' id='word_1_206' title='bbox 1403 2353 1451 2399; x_wconf 90' lang='lat' dir='ltr'><strong>in</strong></span> <span class='ocrx_word' id='word_1_207' title='bbox 1483 2360 1667 2398; x_wconf 87' lang='lat' dir='ltr'><strong>tantum</strong></span> <span class='ocrx_word' id='word_1_208' title='bbox 1689 2359 1824 2399; x_wconf 80' lang='lat' dir='ltr'><strong>aetate</strong></span> 
     </span>
     <span class='ocr_line' id='line_1_28' title="bbox 411 2429 1821 2495; baseline -0.002 -18"><span class='ocrx_word' id='word_1_209' title='bbox 411 2441 664 2494; x_wconf 89' lang='lat' dir='ltr'><strong>provectus</strong></span> <span class='ocrx_word' id='word_1_210' title='bbox 684 2440 778 2490; x_wconf 92' lang='lat' dir='ltr'><strong>est,</strong></span> <span class='ocrx_word' id='word_1_211' title='bbox 804 2441 855 2478; x_wconf 89' lang='lat' dir='ltr'><strong>ut</strong></span> <span class='ocrx_word' id='word_1_212' title='bbox 877 2440 1071 2495; x_wconf 91' lang='lat' dir='ltr'><strong>sputum</strong></span> <span class='ocrx_word' id='word_1_213' title='bbox 1091 2431 1187 2478; x_wconf 90' lang='lat' dir='ltr'><strong>oris</strong></span> <span class='ocrx_word' id='word_1_214' title='bbox 1206 2431 1254 2478; x_wconf 91' lang='lat' dir='ltr'><strong>in</strong></span> <span class='ocrx_word' id='word_1_215' title='bbox 1275 2439 1448 2477; x_wconf 86' lang='lat' dir='ltr'><strong>terram</strong></span> <span class='ocrx_word' id='word_1_216' title='bbox 1471 2429 1701 2494; x_wconf 89' lang='lat' dir='ltr'><strong>projicere</strong></span> <span class='ocrx_word' id='word_1_217' title='bbox 1723 2444 1821 2475; x_wconf 89' lang='lat' dir='ltr'><strong>non</strong></span> 
     </span>
     <span class='ocr_line' id='line_1_29' title="bbox 411 2503 1823 2566; baseline -0.003 -12"><span class='ocrx_word' id='word_1_218' title='bbox 411 2507 587 2555; x_wconf 89' lang='lat' dir='ltr'><strong>valeret</strong></span> <span class='ocrx_word' id='word_1_219' title='bbox 613 2526 624 2554; x_wconf 73' lang='grc' dir='ltr'>ε</span> <span class='ocrx_word' id='word_1_220' title='bbox 652 2507 735 2556; x_wconf 91' lang='lat' dir='ltr'><strong>sed</strong></span> <span class='ocrx_word' id='word_1_221' title='bbox 751 2507 968 2555; x_wconf 89' lang='lat' dir='ltr'><strong>adhibito</strong></span> <span class='ocrx_word' id='word_1_222' title='bbox 990 2507 1125 2555; x_wconf 88' lang='lat' dir='ltr'><strong>labiis</strong></span> <span class='ocrx_word' id='word_1_223' title='bbox 1147 2507 1416 2566; x_wconf 89' lang='lat' dir='ltr'><strong>truchione,</strong></span> <span class='ocrx_word' id='word_1_224' title='bbox 1441 2506 1491 2553; x_wconf 92' lang='lat' dir='ltr'><strong>in</strong></span> <span class='ocrx_word' id='word_1_225' title='bbox 1513 2521 1626 2552; x_wconf 91' lang='lat' dir='ltr'><strong>eum</strong></span> <span class='ocrx_word' id='word_1_226' title='bbox 1655 2503 1823 2551; x_wconf 81' lang='lat' dir='ltr'><strong>salivas</strong></span> 
     </span>
     <span class='ocr_line' id='line_1_30' title="bbox 411 2581 1821 2650; baseline -0.004 -19"><span class='ocrx_word' id='word_1_227' title='bbox 411 2585 504 2631; x_wconf 90' lang='lat' dir='ltr'><strong>oris</strong></span> <span class='ocrx_word' id='word_1_228' title='bbox 526 2594 799 2650; x_wconf 87' lang='lat' dir='ltr'><strong>exponeret.</strong></span> <span class='ocrx_word' id='word_1_229' title='bbox 828 2588 936 2632; x_wconf 91' lang='lat' dir='ltr'><strong>Non</strong></span> <span class='ocrx_word' id='word_1_230' title='bbox 955 2585 1171 2648; x_wconf 87' lang='lat' dir='ltr'><strong>caligavit</strong></span> <span class='ocrx_word' id='word_1_231' title='bbox 1193 2584 1360 2631; x_wconf 92' lang='lat' dir='ltr'><strong>oculus</strong></span> <span class='ocrx_word' id='word_1_232' title='bbox 1382 2584 1508 2645; x_wconf 90' lang='lat' dir='ltr'><strong>ejus,</strong></span> <span class='ocrx_word' id='word_1_233' title='bbox 1534 2597 1622 2628; x_wconf 89' lang='lat' dir='ltr'><strong>nec</strong></span> <span class='ocrx_word' id='word_1_234' title='bbox 1645 2581 1821 2628; x_wconf 90' lang='lat' dir='ltr'><strong>immu-</strong></span> 
     </span>
     <span class='ocr_line' id='line_1_31' title="bbox 412 2657 1819 2725; baseline -0.003 -18"><span class='ocrx_word' id='word_1_235' title='bbox 412 2671 561 2707; x_wconf 87' lang='lat' dir='ltr'><strong>tatum</strong></span> <span class='ocrx_word' id='word_1_236' title='bbox 587 2672 656 2709; x_wconf 89' lang='lat' dir='ltr'><strong>est</strong></span> <span class='ocrx_word' id='word_1_237' title='bbox 679 2679 763 2709; x_wconf 92' lang='lat' dir='ltr'><strong>cor</strong></span> <span class='ocrx_word' id='word_1_238' title='bbox 790 2678 819 2709; x_wconf 92' lang='lat' dir='ltr'><strong>a</strong></span> <span class='ocrx_word' id='word_1_239' title='bbox 848 2662 934 2709; x_wconf 90' lang='lat' dir='ltr'><strong>viis</strong></span> <span class='ocrx_word' id='word_1_240' title='bbox 966 2662 1052 2709; x_wconf 89' lang='lat' dir='ltr'><strong>Dei</strong></span> <span class='ocrx_word' id='word_1_241' title='bbox 1080 2681 1091 2708; x_wconf 88' lang='lat'>:</span> <span class='ocrx_word' id='word_1_242' title='bbox 1121 2678 1220 2708; x_wconf 88' lang='lat' dir='ltr'><strong>non</strong></span> <span class='ocrx_word' id='word_1_243' title='bbox 1250 2659 1459 2725; x_wconf 87' lang='lat' dir='ltr'><strong>seposuit</strong></span> <span class='ocrx_word' id='word_1_244' title='bbox 1482 2657 1671 2705; x_wconf 90' lang='lat' dir='ltr'><strong>vultum</strong></span> <span class='ocrx_word' id='word_1_245' title='bbox 1701 2672 1819 2722; x_wconf 90' lang='lat' dir='ltr'><strong>pau-</strong></span> 
     </span>
    </p>
   </div>
   <div class='ocr_carea' id='block_1_5' title="bbox 464 2823 996 2876">
    <p class='ocr_par' dir='ltr' id='par_1_6' title="bbox 464 2823 996 2876">
     <span class='ocr_line' id='line_1_32' title="bbox 464 2823 996 2876; baseline 0.009 -15"><span class='ocrx_word' id='word_1_246' title='bbox 464 2823 523 2876; x_wconf 90' lang='lat'><strong>(1)</strong></span> <span class='ocrx_word' id='word_1_247' title='bbox 551 2828 600 2861; x_wconf 92' lang='lat' dir='ltr'><strong>II</strong></span> <span class='ocrx_word' id='word_1_248' title='bbox 613 2826 746 2865; x_wconf 81' lang='lat' dir='ltr'><strong>Paral.</strong></span> <span class='ocrx_word' id='word_1_249' title='bbox 767 2839 822 2876; x_wconf 77' lang='lat' dir='ltr'><strong>vl,</strong></span> <span class='ocrx_word' id='word_1_250' title='bbox 845 2826 911 2872; x_wconf 77' lang='lat'><strong>26,</strong></span> <span class='ocrx_word' id='word_1_251' title='bbox 929 2827 996 2866; x_wconf 79' lang='lat'><strong>27.</strong></span> 
     </span>
    </p>
   </div>
  </div>
 </body>
</html>
