2054 3450
418 358 467 394 56
775 356 842 392 DE
871 355 1057 394 GLORIA
1085 356 1457 396 CONFESSORUM.

926 529 1081 564 CAPUT
1104 529 1309 565 LXXVIII.

650 631 703 666 De
721 630 888 678 episcopo
904 641 1010 678 super
1026 632 1127 678 cujus
1144 603 1266 678 pectus
1281 642 1394 678 agnus
1407 630 1582 679 apparuit.

479 747 572 795 Sed
593 748 821 812 quoniam
846 749 1086 814 superiore
1109 747 1314 814 capitulo
1339 748 1640 813 exposuimus
1671 749 1822 812 quali·

414 834 484 872 ter
506 825 688 872 castitas
706 825 948 889 diligentes
972 828 1126 872 Deum
1147 826 1399 883 ornaverit,
1426 826 1553 872 venit
1575 826 1621 894 in
1641 841 1822 873 memo-

413 901 530 950 riam
554 918 658 966 quae
686 902 885 949 Felicem
915 902 1242 950 Namneticum
1282 903 1579 962 referentem,
1613 901 1729 949 dum
1762 902 1822 951 de

413 978 487 1024 his
507 978 938 1037 confabularemur,
972 978 1148 1026 audivi.
1188 978 1349 1026 Aiebat
1382 979 1509 1026 enim
1537 979 1675 1026 fuisse
1704 979 1821 1026 anti·

414 1055 568 1102 stitem
590 1056 638 1102 iu
663 1056 848 1103 civitate
875 1072 960 1103 sua
981 1073 1090 1104 cum
1116 1057 1316 1119 conjuge
1347 1074 1358 1102 ε
1385 1055 1467 1103 sed
1491 1071 1600 1102 cum
1634 1054 1695 1103 ad
1723 1055 1824 1103 ho-

415 1148 582 1179 norem
606 1132 855 1180 sacerdotii
878 1133 1159 1193 accessisset,
1192 1132 1418 1180 lectulum
1444 1133 1576 1196 juxta
1604 1133 1821 1180 ordinem

414 1208 718 1255 institutionis
740 1209 980 1256 catholicae
996 1211 1317 1274 sequestravit,
1343 1209 1474 1273 quod
1497 1209 1666 1256 mulier
1688 1209 1823 1256 valde

415 1284 667 1331 molestum
690 1284 812 1331 tulit.
847 1287 1061 1349 Cumque
1090 1284 1256 1332 diebus
1284 1285 1477 1347 singulis
1501 1301 1610 1332 cum
1634 1301 1693 1331 eo
1723 1301 1819 1348 age-

414 1370 501 1419 ret,
539 1370 589 1407 ut
625 1361 673 1407 in
709 1377 807 1407 uno
845 1371 989 1409 stratu
1029 1362 1341 1425 quiescerent,
1385 1378 1473 1408 nec
1508 1363 1823 1424 acquiesceret

415 1437 625 1500 pontifex
644 1454 744 1484 rem
767 1447 863 1484 tam
891 1439 1173 1502 improbam,
1200 1454 1342 1502 quam
1369 1454 1609 1485 canonum
1635 1427 1822 1487 decreta

414 1530 511 1560 non
536 1514 863 1572 admittebant,
890 1515 1096 1579 quadam
1113 1514 1189 1562 die
1210 1532 1408 1563 accensa
1427 1516 1601 1575 furore,
1618 1516 1682 1562 ait
1699 1516 1823 1565 intra

413 1607 460 1637 se
489 1609 499 1636 :
527 1611 550 1634 «
567 1594 671 1638 Non
690 1602 806 1656 puto
826 1609 926 1638 esse
942 1592 1120 1656 absque
1136 1592 1294 1656 aliqua
1314 1593 1599 1639 conscientia
1618 1591 1704 1638 viri
1730 1593 1822 1640 mei

413 1668 543 1731 quod
565 1667 626 1714 ab
651 1668 870 1733 amplexu
891 1669 989 1730 ejus
1010 1669 1162 1715 taliter
1185 1685 1290 1715 sum
1315 1669 1523 1733 repulsa;
1560 1668 1642 1714 sed
1670 1667 1752 1715 ibo
1778 1679 1823 1715 et

413 1743 602 1805 videbo,
629 1761 690 1792 ne
713 1745 833 1792 forte
869 1746 959 1792 alia
992 1745 1161 1791 mulier
1191 1762 1300 1791 cum
1335 1761 1392 1792 eo
1423 1743 1692 1805 decumbat,
1734 1762 1822 1809 pro

412 1826 546 1885 cujus
565 1839 640 1868 me
656 1838 819 1869 amore
838 1822 1111 1887 despiciat.»
1130 1826 1186 1869 Et
1199 1823 1353 1869 statim
1370 1821 1518 1868 adfuit
1534 1822 1582 1868 in
1602 1821 1821 1885 cubiculo

413 1891 637 1962 episcopi,
666 1899 938 1962 invenitque
960 1915 1069 1948 eum
1088 1908 1195 1963 post
1219 1898 1465 1945 meridiem
1484 1897 1818 1946 dormientem.

415 1974 743 2038 Accedensque
761 1984 868 2021 ante
889 1974 1107 2022 iectulum
1129 1975 1245 2037 ejus,
1262 1974 1379 2020 vidit
1397 1990 1568 2036 agnum
1583 1974 1823 2022 immensae

411 2042 796 2117 claritatistsuper
819 2062 980 2116 pectus
1011 2052 1110 2115 ejus
1133 2052 1467 2114 quiescentem.
1493 2054 1625 2097 Tunc
1652 2051 1822 2099 timore

412 2129 672 2191 perterrita,
708 2129 929 2175 velociter
961 2145 1010 2175 se
1041 2145 1066 2174 a
1102 2128 1273 2174 lectulo
1297 2129 1443 2174 sancti
1477 2128 1694 2187 removit,
1734 2144 1822 2175 nec

412 2204 582 2267 adjecit
604 2206 732 2252 «ultra
765 2222 972 2269 quaerere
1005 2205 1118 2268 quid
1156 2206 1226 2251 vir
1256 2207 1359 2251 Deo
1390 2205 1557 2270 plenus
1585 2215 1740 2267 ageret
1771 2206 1818 2251 in

413 2281 630 2337 occultis;
657 2272 740 2329 sed
761 2284 981 2345 cognovit
1004 2282 1376 2328 manifestissime
1404 2281 1521 2328 illud
1543 2297 1653 2327 cum
1676 2282 1820 2328 servis

412 2359 497 2404 Dei
522 2359 722 2423 impleri,
741 2360 871 2422 quod
898 2361 996 2424 ipse
1019 2360 1252 2406 Dominus
1274 2360 1368 2406 suis
1391 2358 1607 2405 fidelibus
1626 2368 1694 2405 est
1717 2359 1833 2427 pol-q

412 2435 538 2482 liceri
582 2436 815 2499 dignatuS,
857 2436 1018 2483 dicens
1046 2454 1056 2482 :
1087 2456 1110 2481 α
1137 2439 1253 2482 Ecce
1299 2452 1386 2498 ego
1429 2434 1675 2482 vobiscum
1713 2452 1818 2482 sum

413 2512 634 2559 omnibus
658 2513 825 2560 diebus
854 2529 1003 2577 usque
1021 2513 1082 2560 ad
1104 2513 1563 2560 consummationem
1585 2512 1774 2559 saeculi¹.
1793 2531 1816 2556 n

466 2683 525 2735 (1)
552 2687 716 2733 Matth„
735 2698 881 2733 xxvm,
906 2688 971 2724 20.
