2054 3450
407 336 483 372 116
770 332 836 368 m:
863 315 1050 369 GLoiuA
1076 331 1445 369 CONFESSORUM.

406 419 626 468 euntibus
653 428 812 465 autem
841 417 980 464 nobis
1002 416 1090 465 sub
1113 433 1275 475 muro,
1308 417 1478 463 iterum
1503 424 1687 462 caterva
1714 413 1807 460 vir-

407 499 570 561 ginum
588 512 675 560 per
697 496 919 542 fenestras
940 495 1139 541 turrium
1163 503 1209 540 et
1231 494 1329 558 ipsa
1347 509 1538 556 quoque
1556 491 1678 538 muri
1702 507 1809 555 pro-

405 573 688 638 pugnacula,
707 588 848 618 voces
866 571 1077 636 proferre
1096 587 1151 617 ac
1166 570 1413 617 lamentari
1428 569 1629 633 desuper
1647 567 1806 632 coepit,

404 652 467 698 ita
489 660 541 697 ut
563 651 684 697 inter
699 666 843 697 sonos
862 650 1058 696 fletuum
1081 658 1223 713 atque
1242 648 1508 695 collisiones
1524 647 1806 711 palmarum,

404 727 561 775 nullus
580 737 737 792 posset
757 744 785 774 a
803 727 1022 790 lacrymis
1039 736 1322 791 temperare3
1345 724 1427 771 sed
1446 734 1493 770 et
1511 724 1599 788 ipsi
1617 740 1810 787 quoque

403 805 582 864 clerici,
609 821 816 868 quorum
840 814 938 851 erat
959 803 1189 868 psallendi
1212 801 1444 859 officium,
1473 801 1548 846 vix
1571 800 1692 846 inter
1714 800 1810 846 sin·

403 881 558 944 gultus
595 891 641 927 et
679 881 908 943 lacrymas
948 879 1261 944 antiphonam
1299 886 1518 942 poterant
1557 876 1805 940 explicare.

402 956 587 1003 Dehinc
623 957 889 1003 accedimus
931 956 991 1002 ad
1029 956 1316 1020 sepulcrum.
1360 958 1476 1000 Nam
1513 952 1809 1018 providentia

402 1031 647 1080 abbatissae
673 1038 861 1098 capsam
883 1032 1087 1096 ligneam
1109 1033 1302 1091 fecerat,
1328 1033 1374 1079 in
1399 1047 1493 1095 qua
1515 1046 1688 1095 corpus
1709 1046 1812 1078 aro-

404 1108 607 1155 matibus
634 1109 882 1156 conditum
911 1109 1184 1170 incluserat,
1221 1119 1266 1156 et
1296 1108 1360 1155 ob
1387 1107 1480 1155 hoc
1508 1107 1630 1154 fossa
1654 1106 1810 1171 sepul·

402 1195 517 1232 turae
540 1186 790 1250 spatiosior
813 1196 911 1233 erat
938 1205 946 1232 ι
972 1187 1035 1233 ita
1059 1196 1126 1245 ut,
1154 1186 1320 1233 ablatis
1340 1185 1547 1231 duorum
1569 1185 1810 1248 sepulcro-

400 1279 505 1308 rum
532 1262 724 1325 singulis
749 1262 945 1327 spondis
973 1279 1029 1309 ac
1054 1262 1114 1310 de
1145 1262 1290 1310 latere
1315 1262 1501 1325 juncta¹
1530 1277 1671 1325 capsa
1700 1277 1808 1307 cum

400 1339 572 1385 sanctis
597 1338 791 1385 artubus
818 1340 1068 1386 locaretur.
1097 1343 1227 1386 Tunc
1253 1339 1372 1386 facta
1395 1339 1607 1384 oratione
1636 1337 1809 1384 disces-

399 1416 568 1474 simus,
603 1426 893 1463 reservantes
928 1417 1153 1481 episcopo
1187 1416 1279 1463 loci
1314 1425 1364 1462 ut
1394 1414 1456 1462 ab
1489 1431 1546 1461 eo
1577 1413 1809 1462 celebrata

398 1493 555 1553 missa,
582 1502 817 1556 tegeretur
838 1493 1081 1557 operculo.
1113 1493 1374 1540 Redeuntes
1396 1508 1510 1539 vero
1534 1492 1593 1538 ad
1618 1508 1809 1538 monas-

398 1570 584 1627 terium,
609 1569 811 1616 ducebat
831 1587 919 1617 nos
939 1570 1174 1617 abbatissa
1194 1587 1303 1618 cum
1323 1568 1583 1632 virginibus
1603 1585 1687 1632 per
1704 1568 1810 1614 loca

397 1646 602 1708 singula,
639 1646 686 1692 in
723 1663 819 1710 qua
851 1657 1013 1694 sancta
1047 1657 1128 1693 aut
1162 1647 1315 1709 legere
1350 1654 1689 1702 consueverat,
1730 1653 1810 1691 aut

396 1738 550 1781 orare,
568 1723 730 1786 lugens
745 1739 800 1770 ac
817 1722 979 1770 dicens
997 1740 1006 1768 ε
1030 1727 1178 1770 «Ecce
1194 1723 1485 1786 ingredimur
1502 1723 1551 1769 in
1572 1721 1806 1782 cellulam,

396 1808 441 1844 et
465 1809 662 1846 matrem
686 1799 904 1846 amissam
937 1816 1034 1846 non
1067 1801 1344 1864 reperimus.
1376 1802 1496 1846 Ecce
1527 1799 1730 1862 spatium
1759 1797 1808 1844 in

395 1891 492 1938 quo
527 1875 719 1922 flectens
756 1892 909 1939 genua
946 1893 1055 1922 cum
1095 1877 1311 1940 lacrymis
1347 1877 1432 1922 Dei
1470 1874 1808 1939 omnipotentis

394 1952 763 1998 misericordiam
801 1951 1104 2016 precabatur,
1143 1963 1189 1999 et
1225 1969 1253 2000 a
1288 1951 1430 1999 nobis
1470 1966 1567 1997 non
1600 1950 1802 1997 videtur.

397 2029 513 2073 Ecce
537 2026 712 2074 librum
735 2028 783 2073 in
813 2044 911 2091 quo
942 2028 1148 2091 legebat,
1177 2039 1222 2075 et
1243 2046 1332 2075 vox
1356 2027 1548 2093 spiritali
1571 2026 1666 2074 sale
1689 2042 1807 2072 con—

394 2103 491 2150 dita
519 2120 618 2150 non
646 2104 862 2150 verberat
887 2120 1024 2151 aures
1054 2115 1252 2152 nostras.
1286 2109 1406 2151 Ecce
1436 2104 1562 2162 fusa,
1595 2103 1644 2149 in
1675 2102 1807 2166 queis

395 2197 479 2245 per
505 2180 647 2244 longa
670 2181 847 2245 jejunia
875 2191 917 2228 et
945 2182 1155 2246 profluas
1181 2182 1409 2246 lacrymas
1434 2192 1621 2229 nectere
1644 2181 1802 2241 solita,

395 2267 440 2303 et
471 2257 580 2304 almi
610 2259 854 2305 sanctitate
884 2258 1015 2322 digiti
1037 2277 1134 2306 non
1157 2270 1472 2307 cernuntur.»
1488 2261 1596 2305 Haec
1617 2257 1706 2304 illis
1729 2257 1807 2304 di·-

394 2333 632 2394 centibus,
660 2345 950 2382 renovantur
981 2336 1220 2399 lacrymae,
1256 2337 1454 2401 suspiria
1481 2335 1801 2400 proferuntur,

395 2420 441 2456 et
459 2411 556 2475 ipsa
576 2428 769 2476 quoque
786 2413 965 2459 viscera
985 2413 1046 2460 ab
1063 2414 1233 2477 affectu
1256 2413 1544 2478 plorantium
1567 2411 1806 2459 resolvun-

394 2496 471 2533 tur
498 2487 547 2533 in
574 2487 758 2534 fletum.
788 2491 1056 2554 Tantusque
1085 2507 1261 2537 moeror
1286 2499 1450 2555 pectus
1479 2505 1638 2535 meum
1663 2487 1801 2534 obse·-

394 2563 551 2625 derat,
606 2575 658 2611 ut
700 2580 730 2612 a
767 2566 984 2629 lacrymis
1027 2584 1124 2614 non
1168 2569 1461 2627 desisterem,
1504 2567 1592 2614 nisi
1634 2565 1802 2612 scirem

394 2638 580 2688 beatam
618 2641 956 2706 Radegundem
996 2645 1202 2692 ablatam
1245 2644 1532 2692 monasterio
1574 2659 1797 2707 corpore,

444 2808 499 2855 (1)
526 2809 661 2845 Nonne
680 2807 810 2860 potius
834 2810 997 2846 iunctis?
