2054 3450
377 336 453 374 298
894 334 1020 370 VITAE
1046 334 1264 371 PATRUM.

376 424 423 469 in
457 421 796 468 monasterium
819 422 1087 467 Manatense
1114 419 1247 484 quod
1278 436 1362 484 per
1385 420 1616 468 incuriam
1641 420 1781 468 abba-

375 499 433 546 tis
464 499 729 562 intepuerat
757 496 1028 555 ordinatur,
1063 506 1115 542 ut
1142 495 1315 542 scilicet
1348 495 1448 558 ejus
1477 496 1632 547 studio
1663 514 1780 544 con-

376 575 581 639 gregatio
606 575 706 639 ipsa
731 574 959 621 canonice
987 581 1239 637 regeretur.
1275 575 1385 619 Erat
1419 572 1547 620 enim
1582 574 1779 621 castissi-

375 670 462 699 mae
493 651 879 710 conversationis,
918 650 1002 698 sed
1029 660 1074 698 et
1105 650 1222 698 alios
1251 659 1440 696 strenue
1471 649 1780 714 distringebat

374 740 551 778 castam
583 745 720 792 agere
756 729 917 775 vitam.
957 729 1051 784 Qui
1091 737 1190 774 erat
1226 727 1380 774 suavis
1424 718 1706 791 colloquio,
1733 738 1780 775 et

374 806 580 854 blandus
608 807 802 866 affectu3
837 806 884 852 in
918 804 1336 868 transgressoribus
1366 821 1479 852 vero
1511 804 1683 868 regulae
1715 805 1780 853 ita

375 900 561 931 severus
581 882 862 942 habebatur,
894 892 946 929 ut
961 882 1209 946 aliquoties
1227 891 1471 946 putaretur
1492 898 1593 929 esse
1612 882 1780 929 crude-

375 959 430 1005 lis
457 978 468 1005 z
497 960 545 1006 in
565 958 755 1023 jejuniis
774 958 1036 1022 vigiliisque
1065 968 1111 1005 et
1133 958 1360 1005 charitate
1384 957 1648 1022 perfectum
1671 952 1800 1004 red?

374 1037 558 1084 diderat
579 1037 751 1083 virum.
780 1038 994 1099 Cumque
1013 1044 1200 1099 tempus
1221 1034 1509 1097 migrationis
1528 1035 1780 1099 appropin-

375 1123 556 1177 quaret,
579 1113 694 1161 vidit
720 1114 768 1160 in
791 1113 912 1171 visu,
944 1113 1063 1159 sicut
1091 1113 1191 1177 ipse
1222 1111 1362 1158 beato
1388 1111 1525 1158 Avito
1554 1111 1778 1176 episcopo

375 1191 576 1248 retulit¹,
610 1191 805 1236 ductum
825 1206 874 1236 se
897 1189 957 1236 ad
980 1189 1152 1236 aethera
1173 1190 1221 1235 in
1247 1188 1542 1253 praesentiam
1564 1189 1776 1247 Domini,

375 1267 535 1331 ibique
562 1266 792 1314 cherubin
826 1282 880 1313 ac
907 1265 1127 1330 seraphin
1167 1264 1456 1313 obumbrare
1489 1265 1777 1329 majestatem

375 1345 595 1401 Domini,
634 1354 681 1390 et
715 1344 898 1390 Esaiam
939 1343 1240 1407 prophetam,
1284 1351 1477 1389 extenso
1515 1342 1775 1403 volumine,

374 1421 519 1468 verba
551 1437 657 1485 quae
693 1421 1028 1467 vaticinaturus
1065 1429 1164 1466 erat
1197 1420 1430 1478 intimare,
1470 1418 1656 1465 turbam
1688 1420 1778 1466 cir—

374 1507 687 1545 cumstantem
712 1498 987 1560 angelorum
1011 1497 1059 1542 in
1086 1496 1277 1543 laudem
1303 1496 1389 1542 Dei
1411 1495 1616 1542 sedentis
1637 1512 1779 1560 super

373 1575 548 1621 aethera
568 1575 787 1621 clamare.
816 1576 1039 1636 Dumque
1059 1572 1154 1619 hoc
1179 1572 1404 1620 attonitus
1425 1581 1671 1636 spectaret,
1694 1588 1779 1619 ex-

374 1651 683 1716 pergefactus,
709 1652 1046 1714 somniumque
1073 1666 1210 1696 suum
1236 1659 1411 1696 attente
1442 1649 1695 1697 discutiens
1729 1660 1782 1696 ut

374 1728 517 1775 finem
539 1729 644 1775 vitae
669 1745 780 1790 suae,
809 1727 1017 1774 Domino
1046 1727 1283 1774 revelante
1313 1737 1637 1790 cognosceret,
1669 1727 1781 1774 dicit

371 1804 531 1852 abbati
546 1822 690 1868 quem
704 1806 753 1852 in
766 1805 973 1870 priorem
993 1813 1215 1851 statuerat
1237 1804 1285 1850 in
1309 1803 1596 1851 monasterio
1618 1821 1628 1849 :
1651 1821 1674 1847 «
1695 1806 1780 1850 Lo-

371 1899 454 1929 cus
476 1882 552 1929 ille
574 1898 708 1929 secus
739 1882 954 1940 fluvium,
988 1882 1034 1927 in
1060 1897 1157 1944 quo
1182 1881 1444 1927 oratorium
1469 1880 1620 1927 facere
1639 1897 1776 1927 com-

371 1959 613 2021 putabam,
639 1959 879 2021 jucundus
911 1968 979 2004 est
1006 1957 1157 2004 valde.
1184 1957 1298 2003 ldeo
1321 1973 1438 2020 rogo
1462 1966 1513 2003 ut
1541 1956 1671 2018 quod
1690 1972 1777 2019 ego

371 2034 498 2081 volui
528 2044 582 2081 tu
604 2035 808 2099 expleas,
839 2044 978 2097 atque
1006 2033 1117 2080 illuc
1144 2049 1250 2080 ossa
1271 2049 1378 2080 mea
1401 2033 1652 2079 transferre
1678 2049 1776 2080 non

369 2110 564 2158 abnuas.
589 2131 612 2155 »
641 2114 749 2168 Quo
779 2112 1008 2174 migrante
1031 2112 1143 2157 etin
1167 2110 1375 2156 oratorio
1404 2109 1574 2173 prioris
1601 2109 1777 2156 cellulae

369 2189 572 2254 sepulto,
598 2205 710 2234 cum
737 2187 884 2235 abbas
914 2188 1179 2251 injunctum
1211 2197 1405 2252 cuperet
1430 2203 1551 2251 opus
1570 2187 1772 2251 explere,

369 2274 487 2311 nutu
511 2265 598 2311 Dei
624 2273 670 2310 et
688 2263 838 2310 calces
857 2272 1019 2310 coctos
1038 2263 1316 2326 antiquitus,
1343 2271 1390 2309 et
1414 2261 1775 2309 fundamentum

370 2341 417 2386 in
434 2357 489 2386 ea
513 2356 732 2387 mensura
751 2356 893 2403 quam
912 2339 1012 2403 ipse
1030 2355 1210 2403 ponere
1231 2338 1484 2401 cogitabat,
1504 2349 1668 2385 nactus
1686 2348 1772 2397 est,

371 2417 671 2481 perfectoque
697 2415 912 2474 aedificio,
945 2416 1120 2462 detexit
1145 2414 1329 2462 abbatis
1351 2415 1636 2479 sepulcrum.
1667 2417 1774 2472 Quo

370 2493 618 2556 patefacto,
649 2493 822 2557 reperit
846 2493 1183 2556 corpusculum
1214 2491 1426 2552 illaesum,
1452 2500 1504 2537 ut
1531 2499 1776 2555 putaretur

368 2579 475 2616 ante
500 2569 628 2616 diem
660 2569 857 2615 alterum
879 2568 1020 2614 fuisse
1042 2567 1347 2626 defunctum;
1379 2576 1425 2613 et
1443 2565 1514 2626 sio
1531 2582 1640 2612 cum
1658 2581 1774 2628 gau·-

424 2757 481 2809 (1)
507 2758 621 2805 Bell„
642 2758 747 2796 beato
771 2763 941 2808 episcopo
964 2761 1108 2796 retulit.
1132 2760 1226 2806 Quae
1246 2764 1457 2807 sequuntur
1474 2756 1514 2793 in
1537 2755 1600 2794 ed.
1625 2762 1663 2795 et
1680 2769 1770 2796 mss,

367 2816 547 2854 videntur
564 2826 757 2868 corrupta.
780 2816 863 2868 (R)
