2054 3450
386 311 462 348 136
902 311 1030 348 VITAE
1056 308 1274 346 PATRUM.

383 399 540 446 minus
558 415 663 463 quae
678 398 1003 447 commodavit
1024 396 1282 462 inquirere,
1300 412 1414 444 cum
1426 397 1580 445 usuris
1597 399 1795 464 receptis

383 475 687 522 fenerationis
718 492 813 523 suae
840 474 1019 540 duplici
1055 472 1373 521 satisfactione
1403 473 1606 532 talentis,
1632 474 1790 523 dicat:

387 552 571 614 «Euge,
593 568 728 599 serve
750 552 898 611 bone,
924 552 1037 616 quia
1059 566 1201 615 super
1219 565 1371 614 pauca
1391 548 1517 596 fuisti
1535 549 1702 612 fidelis,
1724 569 1798 599 su·

381 644 467 691 per
477 629 625 675 multa
634 639 681 676 te
690 630 976 676 constituam
990 646 1000 675 ε
1015 629 1140 674 intra
1150 627 1199 673 in
1208 625 1432 690 gaudium
1446 628 1639 674 Domini
1652 628 1719 675 tui
1729 629 1758 675 ¹.
1767 647 1791 673 n

382 705 831 754 Praedestinatorum
847 715 916 753 est
929 706 1058 753 enim
1080 705 1168 751 ista
1189 720 1299 750 cum
1321 703 1409 750 Dei
1432 719 1525 768 ope
1547 704 1791 768 perficere,

381 782 467 845 qui
485 780 545 828 ab
570 782 683 846 ipsis
701 782 1052 830 cunabulorum
1075 779 1327 844 vagitibus,
1343 787 1396 826 ut
1407 795 1528 844 saepe
1547 779 1608 827 de
1634 781 1795 828 multis

380 858 567 922 legitur,
605 861 866 907 Dominum
903 860 1022 907 scire
1048 866 1342 916 meruerunt,
1382 857 1670 921 cognitoque
1715 870 1792 919 eo',

381 951 629 998 nunquam
660 934 721 982 ab
750 935 850 1000 ejus
882 932 1277 1000 praeceptionibus
1306 943 1619 995 recesserunt,
1641 949 1796 999 neque

381 1021 490 1076 post
516 1011 741 1076 baptismi
767 1021 1115 1059 sacramentum
1139 1010 1326 1056 niveam
1351 1008 1482 1055 illam
1505 1009 1796 1073 pollentem-

382 1103 475 1150 que
507 1088 874 1151 regenerationis
910 1087 1081 1134 stolam
1113 1085 1367 1150 impudicis
1393 1084 1576 1133 actibus
1613 1086 1797 1151 pollue-

381 1173 510 1210 runt.
541 1164 635 1222 Qui
668 1166 835 1211 merito
873 1173 1135 1228 sequuntur
1157 1179 1334 1226 agnum
1356 1178 1646 1227 quocunque
1668 1163 1792 1224 ierit,

382 1255 504 1304 quos
538 1240 686 1305 ipsius
710 1241 817 1302 agni
849 1240 1031 1287 candor
1065 1239 1276 1303 egregius
1308 1237 1417 1285 liliis
1444 1238 1629 1286 decoris
1661 1239 1794 1287 nullo

382 1316 654 1363 tentationis
688 1326 804 1363 aestu
832 1315 1152 1363 marcentibus
1184 1315 1449 1361 coronavit.
1475 1315 1558 1361 His
1586 1315 1795 1379 denique

381 1395 531 1452 sertis,
549 1392 740 1440 dextera
754 1392 937 1455 inclytae
953 1391 1290 1439 dominationis
1301 1400 1503 1450 extenta,
1515 1390 1796 1439 inchoantes

381 1479 629 1533 provocat,
665 1470 907 1516 vincentes
936 1469 1146 1531 adjuvat,
1179 1468 1382 1514 victores
1414 1466 1634 1529 adornat,
1672 1485 1796 1533 quos

381 1546 590 1592 nominis
623 1547 692 1593 sui
725 1546 862 1593 titulo
895 1546 1200 1611 praesignatos
1228 1544 1288 1591 de
1323 1545 1520 1592 terrenis
1543 1539 1800 1609 gemitibus*

381 1622 589 1682 elevans,
607 1624 658 1670 in
680 1623 911 1670 coelorum
928 1623 1085 1670 evehit
1107 1621 1279 1685 gaudia
1297 1621 1545 1685 gloriosos.
1577 1627 1646 1670 De
1670 1640 1793 1688 quo-

381 1716 487 1746 rum
507 1700 648 1749 niveo
669 1700 911 1747 electionis
929 1716 1132 1746 numero
1153 1709 1200 1746 et
1217 1699 1323 1746 illos
1345 1715 1446 1746 esse
1463 1716 1563 1747 non
1581 1700 1790 1764 ambigo,

381 1776 462 1838 qui
484 1777 692 1823 Jurensis
714 1777 859 1824 eremi
878 1792 1030 1842 opaca
1051 1776 1321 1837 lustrantes,
1347 1793 1448 1823 non
1473 1777 1622 1824 modo
1638 1793 1690 1824 se
1706 1778 1795 1824 Dei

380 1853 612 1918 templum
644 1852 830 1901 efficere
862 1863 1155 1914 meruerunt,
1180 1870 1346 1900 verum
1370 1854 1512 1901 etiam
1549 1854 1598 1900 in
1634 1854 1794 1902 multis

382 1929 619 1976 mentibus
630 1930 828 1994 Spiritus
839 1929 982 1976 sancti
994 1930 1152 1991 gratiae
1160 1928 1465 1976 tabernacula
1477 1940 1762 1993 paraverunt
1776 1948 1788 1976 ε

381 2004 430 2051 id
453 2015 523 2052 est
544 2006 814 2069 Lupicinus,
842 2007 1177 2068 Romanusque
1199 2020 1451 2068 germanus
1472 2004 1588 2067 ejus.

447 2082 467 2126 1
484 2118 493 2127 .
533 2081 678 2144 Igitur
702 2081 956 2146 Lupicinus
968 2080 1029 2127 ab
1042 2082 1239 2127 exordio
1252 2081 1397 2128 aetatis
1412 2097 1506 2127 suae
1520 2084 1673 2128 Deum
1687 2091 1791 2129 toto

381 2158 625 2221 requirens
656 2157 820 2216 corde,
842 2157 1005 2204 litteris
1035 2157 1293 2214 institutus,
1318 2173 1428 2203 cum
1446 2157 1507 2204 ad
1532 2157 1790 2220 legitimam

382 2234 639 2280 transiisset
665 2243 866 2294 aetatem,
893 2234 1106 2297 genitore
1139 2243 1354 2296 cogente,
1376 2250 1487 2283 cum
1514 2234 1662 2281 animi
1691 2251 1790 2281 non

381 2309 610 2375 praeberet
629 2326 932 2368 consensum,
952 2310 1162 2375 sponsali
1178 2311 1370 2357 vinculo
1386 2310 1606 2357 nectitur.
1625 2313 1793 2359 Roma-

382 2404 471 2434 nus
504 2403 617 2434 vero
648 2387 807 2434 adhuc
841 2386 1203 2444 adolescentior,
1234 2397 1279 2434 et
1310 2388 1411 2452 ipse
1446 2387 1508 2434 ad
1542 2388 1630 2434 Dei
1670 2403 1792 2452 opus

381 2465 594 2510 animum
618 2464 870 2511 extendere
897 2464 1110 2527 cupiens,
1135 2464 1325 2528 nuptias
1347 2463 1790 2524 refutavit3Pa1-en-

382 2540 507 2587 tibus
531 2558 643 2588 vero
665 2540 1039 2605 relinquentibus
1061 2541 1300 2601 saeculum,
1329 2540 1377 2587 hi
1402 2541 1647 2587 communi
1667 2557 1790 2587 con-

380 2632 518 2662 sensu
549 2633 759 2664 eremum
795 2627 979 2682 petunt,
1006 2626 1053 2664 et
1074 2616 1349 2664 accedentes
1382 2616 1521 2663 simul
1555 2617 1677 2663 inter
1710 2616 1789 2664 illa

435 2789 493 2842 (s)
523 2792 664 2830 Matth.
685 2806 779 2841 xxv,
797 2793 862 2830 21.
