2054 3450
424 354 473 391 24
751 368 758 375 2
790 353 856 388 DE
885 351 1072 388 GLORIA
1102 350 1474 388 CONFESSORUM.

425 448 582 493 autem
606 437 819 500 sequenti
842 438 1035 484 veniens
1058 436 1254 501 quidam
1277 452 1504 500 paganus,
1523 436 1728 502 lapidem
1752 438 1834 501 qui

426 513 767 579 sarcophagum
791 513 979 576 tegebat
1008 512 1223 570 revolvit,
1263 508 1567 576 erectumque
1595 523 1761 560 contra
1789 531 1838 561 se

427 607 600 656 corpus
623 592 774 639 sancti
796 600 997 637 conatur
1020 588 1238 654 spoliare.
1263 591 1321 636 At
1343 588 1437 649 ille,
1467 590 1668 637 extensis
1690 589 1838 637 lacer-

433 671 505 731 tis,
526 667 834 717 constrictum
852 667 910 715 ad
929 684 978 715 se
1001 668 1244 714 hominem
1268 667 1447 714 fortiter
1464 667 1772 732 amplexatur,
1792 679 1840 716 et

427 755 577 810 usque
600 762 756 804 mane,
782 746 969 811 populis
988 744 1327 810 spectantibuS,
1354 755 1579 809 tanquam
1602 747 1837 811 constipa-

427 834 528 870 tum
544 823 676 882 loris,
697 823 762 870 ita
778 824 1003 869 miserum
1022 821 1228 869 brachiis
1248 822 1502 869 detinebat.
1533 822 1678 886 Igitur
1696 823 1839 887 judex

427 900 518 949 loci
538 900 816 948 violatorem
837 899 1040 963 sepulcri
1054 898 1189 962 jubet
1207 899 1432 958 abstrahi,
1455 915 1510 946 ac
1530 899 1669 963 legali
1693 917 1842 965 poenae

427 977 654 1024 sententia
689 975 999 1023 condemnari
1025 995 1036 1034 ;
1076 975 1158 1023 sed
1190 993 1288 1023 non
1320 976 1566 1024 laxabatur
1596 993 1623 1023 a
1657 987 1838 1025 sancto.

427 1057 558 1102 Tunc
583 1053 846 1117 intelligens
875 1053 1167 1100 voluntatem
1193 1052 1420 1109 defuncti,
1458 1053 1576 1101 sacta
1606 1054 1752 1118 judex
1783 1055 1842 1102 de

432 1131 523 1178 vita
545 1130 876 1195 promissione,
903 1130 1101 1191 laxatur,
1127 1141 1173 1177 et
1192 1131 1258 1178 sic
1277 1130 1527 1181 incolumis
1546 1131 1774 1178 redditur.
1799 1133 1842 1179 Ο

432 1223 539 1254 vere
572 1218 780 1255 sanctam
822 1207 1050 1254 ultionem
1090 1209 1262 1272 pietate
1295 1206 1591 1273 permistam!
1635 1208 1844 1255 Retinuit

432 1285 674 1332 hominem
698 1294 748 1331 ut
772 1295 1005 1347 argueret,
1044 1285 1126 1331 sed
1161 1284 1279 1332 tradi
1305 1301 1403 1332 non
1427 1285 1640 1350 permisit
1668 1283 1852 1350 suppli-1·
1900 1347 1907 1352 ἱ
1953 1316 1960 1322 ψ

431 1361 524 1421 ci0,
550 1378 692 1427 quem
709 1362 808 1427 jam
830 1361 1102 1410 reddiderat
1120 1361 1443 1409 emendatum.

978 1542 1134 1578 CAPUT
1158 1542 1295 1578 Lxm.

868 1645 921 1678 De
939 1642 1011 1677 filia
1030 1642 1159 1678 Leonis
1176 1642 1409 1690 imperatoris.

498 1763 668 1809 Leonis
698 1772 856 1808 autem
888 1762 1087 1809 Romani
1116 1761 1413 1826 imperatoris
1442 1759 1535 1806 filia
1571 1776 1680 1807 cum
1704 1775 1730 1806 a
1753 1758 1846 1823 spi-

436 1838 527 1885 ritu
559 1849 808 1894 *vexaretur
841 1838 1110 1895 immundo,
1139 1848 1185 1884 et
1217 1854 1301 1901 per
1330 1837 1435 1884 loca
1458 1845 1619 1883 sancta
1649 1835 1845 1883 ducere·
1872 1830 1889 1849 '¹

435 1924 534 1974 tur,
575 1915 761 1963 assidue
793 1914 1027 1962 clamabat
1054 1930 1260 1978 nequam
1296 1914 1484 1977 spiritus
1512 1931 1521 1959 :
1556 1933 1578 1957 «
1598 1916 1702 1959 Non
1736 1911 1846 1959 hinc

382 2043 398 2058 .
434 1992 664 2055 egrediar,
705 1992 794 2038 nisi
829 1993 1192 2040 archidiaconus
1226 1991 1574 2055 Lugdunensis¹
1600 1990 1843 2046 adveniat3

435 2078 481 2115 et
513 2069 602 2115 nisi
631 2069 730 2133 ipse
754 2084 829 2114 me
853 2068 914 2115 de
950 2068 1042 2115 hoc
1073 2068 1283 2127 vasculo,
1321 2067 1452 2132 quod
1482 2067 1726 2131 acquisivi,
1761 2066 1846 2129 eji-

434 2145 542 2205 ciat,
573 2145 842 2194 nullatenus
871 2146 985 2192 hinc
1010 2163 1114 2192 sum
1146 2162 1432 2209 egressurus.
1457 2166 1477 2188 »
1509 2144 1718 2192 Audiens
1747 2143 1846 2190 haec

433 2223 708 2287 imperator,
738 2222 894 2287 dirigit
919 2240 1029 2270 suos
1052 2224 1098 2270 in
1122 2224 1311 2271 Gallias.
1340 2225 1495 2282 Quem
1517 2223 1584 2270 illi
1608 2231 1845 2288 repertum

435 2301 708 2365 suppliciter
729 2311 943 2360 exorant,
968 2310 1019 2346 ut
1039 2317 1148 2348 cum
1172 2301 1238 2348 eis
1257 2300 1318 2347 ad
1335 2299 1618 2348 visitandam
1642 2298 1848 2364 puellam

438 2379 634 2424 Romam
647 2377 934 2441 dignaretur
963 2377 1203 2425 accedere.
1244 2377 1323 2424 llle
1355 2393 1468 2424 vero
1497 2376 1843 2432 contradicens,

436 2463 482 2499 et
501 2470 550 2500 se
569 2453 924 2530 1nd1g11umfer
945 2471 1090 2518 quem
1107 2454 1318 2500 Christus
1334 2453 1561 2501 miracula
1580 2452 1849 2503 ostenderet

436 2546 535 2576 esse
557 2530 835 2586 vociferans,
847 2519 1142 2586 ,admonitus
1168 2531 1375 2596 episcopi
1402 2531 1473 2576 sui
1495 2530 1846 2588 consilio‚,9um

437 2607 613 2654 eisdem
646 2608 795 2654 missis
826 2608 912 2654 iter
941 2608 1099 2673 dirigit
1131 2618 1177 2655 et
1198 2609 1258 2654 ad
1281 2605 1618 2673 impe'ratorem
1653 2604 1868 2694 vgn'iens*

437 2695 548 2730 cum
570 2683 754 2731 honore
778 2686 1059 2750 suscipitur.
1079 2685 1283 2733 Audiens
1308 2694 1467 2734 autem
1489 2684 1555 2731 de
1575 2683 1856 2741 infirmium

1670 2764 1689 2784 ά
1733 2766 1749 2780 .

491 2837 546 2888 (1)
573 2839 644 2876 Hic
662 2848 699 2876 ct
714 2839 817 2877 infra
834 2842 1101 2891 Lugdonensis‚
1122 2843 1241 2882 2204.
