2054 3450
383 360 431 396 30
744 360 810 395 DE
837 360 1022 397 GLORIA
1050 361 1415 399 CONFESSORUM.

381 446 441 490 ris
460 444 676 508 Epipodii
692 447 720 503 ¹,
746 445 877 508 quod
900 445 959 492 de
986 446 1106 510 pede
1127 446 1227 509 ejus
1245 446 1429 507 cecidit,
1451 464 1561 494 cum
1585 447 1645 493 ad
1662 463 1782 494 mar-

379 522 550 583 tyrium
565 520 815 568 duceretur
835 540 845 568 :
866 522 926 569 ad
945 523 1016 586 cuj
1025 540 1077 570 us
1095 522 1331 569 tumulum
1353 524 1518 586 saepius
1538 523 1781 586 frigoritici

380 598 626 662 caeterique
660 598 833 646 infirmi
864 611 1104 647 sanantur.
1147 603 1339 646 Erasum
1373 600 1432 646 de
1463 600 1645 646 tumulo
1679 601 1780 665 ipso

379 674 619 737 pulverem
645 675 869 723 hauriunt
890 677 1245 740 incolumesque
1264 676 1527 723 discedunt.

938 846 1093 881 CAPUT
1120 846 1233 880 LXV.

608 948 660 981 De
676 947 742 981 alia
758 946 915 994 muliere,
934 932 999 980 cus
1009 946 1065 980 vir
1083 959 1151 994 pro
1171 946 1347 980 oblatione
1363 946 1527 993 apparuit
1535 946 1563 982 ⁹.

443 1069 575 1114 Duos
612 1068 659 1113 in
691 1067 781 1114 hac
814 1067 929 1115 urbe
968 1068 1106 1115 fuisse
1138 1068 1310 1125 ferunt,
1344 1068 1496 1113 virum
1533 1066 1709 1113 scilicet
1741 1075 1788 1112 et

378 1144 632 1207 conjugem
655 1144 770 1207 ejus,
802 1146 1036 1192 senatoria
1058 1162 1114 1191 ex
1141 1155 1277 1207 gente
1300 1143 1546 1208 pollentes,
1575 1144 1655 1206 qui
1679 1143 1784 1190 abs-

379 1237 471 1283 que
490 1219 650 1267 liberis
676 1221 836 1279 functi,
862 1221 1098 1268 haeredem
1120 1221 1364 1268 ecclesiam
1402 1220 1782 1283 dereliquerunt;

379 1298 461 1345 sed
491 1299 560 1346 vir
585 1302 709 1363 prius
740 1299 922 1361 obiens,
955 1301 1002 1346 in
1027 1299 1221 1346 basilica
1244 1308 1412 1345 sanctae
1440 1299 1594 1344 Mariae
1627 1297 1784 1361 sepul-

380 1386 452 1422 tus
475 1386 560 1422 est.
587 1376 754 1423 Mulier
772 1393 885 1423 vero
910 1393 993 1441 per
1015 1393 1193 1422 annum
1212 1376 1447 1438 integrum
1470 1374 1528 1420 ad
1555 1373 1649 1420 hoc
1672 1383 1788 1420 tem-

380 1452 512 1516 plum
538 1453 729 1516 degens,
749 1453 934 1500 as‘sidue
950 1453 1152 1500 orationi
1177 1451 1389 1507 vacabat,
1410 1450 1652 1498 celebrans
1670 1467 1787 1514 quo-

380 1529 493 1576 tidie
529 1530 778 1577 missarum
808 1530 1054 1588 solemnia,
1086 1539 1133 1577 et
1162 1529 1364 1576 offerens
1387 1528 1675 1575 oblationem
1699 1544 1786 1591 pro

382 1607 610 1653 memoria
644 1607 731 1652 viri
766 1625 776 1653 :
810 1623 908 1653 non
940 1606 1092 1654 diffisa
1122 1606 1182 1652 de
1211 1606 1404 1652 Domini
1447 1604 1784 1665 misericordia,

380 1682 512 1746 quod
541 1682 737 1729 haberet
765 1682 1016 1729 defunctus
1039 1683 1251 1745 requiem
1274 1683 1322 1728 in
1343 1682 1419 1728 die
1453 1697 1549 1745 qua
1579 1682 1787 1728 Domino

379 1758 670 1806 oblationem
698 1776 786 1823 pro
818 1759 918 1822 ejus
943 1760 1103 1806 anima
1132 1758 1400 1818 delibasset,
1426 1774 1612 1822 semper
1638 1767 1788 1807 sexta-

380 1836 502 1881 rium
543 1837 702 1882 Gazeti
755 1836 851 1881 vini
902 1835 1114 1899 praebens
1159 1836 1207 1881 in
1258 1834 1540 1882 sacrificium
1589 1833 1789 1880 basilicae

379 1921 565 1960 sanctae.
604 1912 696 1958 Sed
734 1911 1052 1958 subdiaconus
1084 1929 1307 1975 nequam,
1350 1920 1635 1958 reservatum
1669 1911 1788 1972 gulae

378 1990 649 2045 Gazetum³‚
683 1997 868 2034 acetum
894 1988 1362 2035 vehementissimum
1384 1987 1613 2035 offerebat
1639 1988 1686 2034 in
1713 2004 1789 2034 ca-

377 2065 483 2124 lice,
513 2065 708 2111 muliere
737 2081 834 2111 non
867 2081 1053 2129 semper
1083 2065 1144 2111 ad
1179 2065 1561 2111 communicandi
1591 2065 1788 2128 gratiam

379 2142 648 2189 accedente.
669 2142 814 2205 lgitur
835 2159 945 2188 cum
965 2140 1176 2189 fraudem
1196 2141 1321 2188 hanc
1340 2145 1441 2188 Deo
1461 2142 1635 2206 placuit
1656 2158 1786 2188 reve-

380 2219 493 2280 lare,
512 2219 729 2284 apparuit
752 2218 824 2264 vir
844 2217 1045 2274 mulieri,
1073 2218 1234 2264 dicens
1260 2235 1269 2263 :
1295 2238 1316 2261 «
1332 2221 1450 2277 Heu,
1476 2218 1588 2276 heu,
1611 2217 1786 2264 dulcis-

381 2295 500 2341 sima
521 2295 712 2357 conjux,
735 2295 782 2340 in
806 2294 922 2357 quid
945 2293 1140 2340 defluxit
1156 2293 1290 2340 labor
1310 2311 1440 2340 meus
1460 2296 1506 2340 in
1527 2294 1714 2350 saeculo,
1737 2303 1789 2340 ut

316 2386 322 2392 ·
380 2388 508 2417 nunc
530 2380 715 2418 acetum
737 2371 784 2416 in
811 2370 1051 2417 oblatione
1071 2369 1303 2416 delibem!
1323 2391 1345 2414 >2
1367 2372 1453 2417 Cui
1475 2370 1552 2418 illa
1574 2388 1584 2416 ε
1612 2373 1784 2431 «Vere,

379 2448 550 2512 inquit,
577 2448 687 2510 quia
708 2447 947 2494 charitatis
969 2457 1059 2493 tuae
1078 2463 1176 2493 non
1202 2447 1471 2508 immemor,
1498 2464 1684 2512 semper
1699 2450 1789 2495 Ga·

434 2600 490 2653 (1)
504 2601 681 2653 Epipodii
701 2604 794 2639 Acta
813 2600 986 2639 dedimus
1000 2600 1101 2639 inter
1118 2600 1264 2640 sincera
1286 2608 1494 2651 martyrum
1511 2599 1562 2638 ad
1579 2611 1671 2639 ann.
1693 2599 1785 2639 circ.

384 2662 538 2699 178.1n
554 2660 613 2697 his
630 2660 767 2698 mulier
784 2660 847 2698 hic
866 2667 1074 2698 memorata
1090 2659 1226 2697 dicitur
1243 2659 1373 2698 Lucia.
1393 2658 1456 2710 (R.
1460 2661 1474 2708 )

433 2717 488 2770 (2)
513 2721 632 2765 2791,
657 2722 714 2756 De
732 2721 894 2768 quadam
913 2720 1066 2755 muliere
1084 2731 1155 2767 que
1181 2731 1251 2766 pro
1276 2722 1350 2755 viro
1372 2731 1437 2755 suo
1464 2718 1638 2767 defuncto
1664 2722 1786 2755 vinum

381 2776 511 2814 bonum
529 2778 695 2826 quotidie
712 2776 913 2828 offerebat.

432 2834 485 2888 (3)
515 2838 698 2874 Gazatina
714 2837 803 2875 vina
821 2836 861 2875 in
879 2835 948 2876 lib.
968 2838 1040 2875 VH
1057 2835 1156 2876 Hist.
1164 2849 1278 2888 ‚cap
1297 2849 1408 2876 xxix.
